unixtime,price,amount
1474829029,597.1,0.099
1474829031,597.1,0.7
1474829033,597.1,0.08
1474829035,597.1,0.193
1474829037,597.1,0.09
1474829040,597.1,0.019
1474829042,597.1,0.01
1474829044,597.1,1.0
1474829046,597.1,0.415
1474829049,597.1,0.097
1474829052,597.1,0.88
1474829054,597.1,0.797
1474829057,597.1,0.01
1474829059,597.1,0.02
1474829061,597.1,0.022
1474829064,597.1,0.652
1474829066,597.1,0.1
1474829069,597.1,0.212
1474829071,597.1,0.12
1474829073,597.1,0.167
1474829073,597.1,0.166
1474829073,597.1,0.162
1474829075,597.1,0.006
1474829075,596.14,0.084
1474829077,596.14,0.536
1474829120,596.45,0.161
1474829120,596.45,0.16
1474829121,596.45,0.161
1474829121,596.45,0.161
1474829122,596.2,0.014
1474829122,596.14,0.199
1474829125,596.18,0.01
1474829126,596.14,0.507
1474829179,596.0,0.00841
1474829208,597.0,1.817
1474829328,597.0,1.683
1474829335,596.12,0.0420219
1474829335,596.12,0.36811189
1474829358,596.12,0.84041
1474829389,596.12,0.07925904
1474829453,596.12,0.13211161
1474829493,596.12,0.03488839
1474829494,596.12,0.168
1474829494,596.12,0.168
1474829494,596.0,0.13347604
1474829509,596.0,0.098
1474829511,596.0,0.07
1474829515,596.0,0.109
1474829517,596.0,0.02105388
1474829528,596.05,0.04
1474829528,596.05,0.16
1474829528,596.05,0.161
1474829529,596.05,0.161
1474829529,596.05,0.161
1474829529,596.05,0.162
1474829529,596.05,0.161
1474829529,597.0,0.5
1474829536,596.0,0.00841
1474829590,596.01,0.03
1474829590,596.01,0.167
1474829590,596.0,0.04039192
1474829622,597.87,0.1315669
1474829629,597.87,0.02002107
1474829681,596.5,0.01
1474829683,596.5,0.01
1474829685,596.5,0.01
1474829687,596.5,0.06
1474829691,596.5,0.01
1474829693,596.5,0.06
1474829695,596.5,0.011
1474829695,596.5,0.16
1474829695,596.5,0.16
1474829695,596.5,0.158
1474829698,596.5,0.003
1474829698,596.5,0.167
1474829698,596.5,0.168
1474829698,596.5,0.12
1474829699,596.5,0.01
1474829701,596.5,0.038
1474829702,596.5,0.161
1474829702,596.5,0.052
1474829704,596.5,0.03
1474829706,596.5,0.01
1474829708,596.5,0.069
1474829708,596.5,0.013
1474829710,596.5,0.012
1474829712,596.5,0.137
1474829712,596.5,0.162
1474829712,596.5,0.161
1474829712,596.5,0.162
1474829712,596.5,0.161
1474829712,596.5,0.16
1474829712,596.5,0.057
1474829714,596.5,0.0421
1474829715,597.84,0.10012712
1474829716,596.5,0.0619
1474829716,596.5,0.1441
1474829718,596.5,0.0159
1474829718,596.0,0.0171
1474829720,596.0,0.122
1474829723,596.0,0.059
1474829953,597.84,0.0083969
1474830030,596.37,0.0990804
1474830046,597.84,0.0083969
1474830249,597.84,0.0326
1474830253,596.45,2.44
1474830263,597.84,0.0153
1474830350,597.84,0.0953062
1474830350,597.84,0.161
1474830350,597.84,0.16
1474830351,597.84,0.161
1474830351,597.84,0.161
1474830351,597.84,0.161
1474830351,597.84,0.09820149
1474830451,597.84,0.06379851
1474830451,597.84,0.162
1474830451,597.84,0.161
1474830451,597.84,0.162
1474830451,597.84,0.161
1474830451,597.84,0.16
1474830452,597.84,0.161
1474830452,597.84,0.16
1474830458,597.84,0.619
1474830461,597.84,0.04
1474830463,597.84,0.0101837
1474830463,596.45,0.0198163
1474830465,596.36,0.05026
1474830467,596.36,0.05026
1474830469,596.2,0.05026
1474830528,597.99,0.00839479
1474830707,597.99,0.07986218
1474830756,597.99,0.04170638
1474830987,598.0,0.04170569
1474830993,596.44,0.03431039
1474831028,597.99,0.496721
1474831419,596.54,0.10398946
1474831441,598.0,0.03908184
1474831442,598.0,2.0
1474831523,598.0,0.265301
1474831532,596.54,0.0343052
1474831542,598.0,0.05172566
1474831631,598.0,0.15
1474831638,596.54,0.02170534
1474831638,596.54,0.14645662
1474831669,596.54,0.01354338
1474831669,596.54,0.161
1474831670,596.54,0.167
1474831670,596.54,0.169
1474831670,596.54,0.133
1474831670,596.54,0.169
1474831670,596.54,0.01890463
1474831734,596.54,0.14209537
1474831734,596.54,0.05946778
1474831827,598.0,0.02668896
1474831832,598.0,0.16665
1474831975,598.0,0.06672241
1474832077,596.97,0.16796729
1474832117,596.98,0.08061039
1474832174,597.0,0.828
1474832175,597.0,0.02472764
1474832181,598.0,0.35
1474832284,597.03,0.169
1474832284,597.03,0.1268
1474832318,597.04,0.09269877
1474832318,597.04,0.07630123
1474832318,596.65,0.33583987
1474832339,596.65,0.4
1474832345,598.0,0.146532
1474832412,597.6,0.0893
1474832412,597.6,0.057232
1474832552,597.6,0.103768
1474832552,597.6,0.05946778
1474832553,597.6,0.16
1474832553,597.6,0.01965244
1474832590,597.08,0.06593928
1474832709,597.1,0.02517218
1474832710,597.1,0.132
1474832745,597.6,0.093323
1474832790,597.1,0.08320437
1474832853,597.11,0.08569098
1474832866,597.6,0.04802456
1474832866,597.6,0.15197544
1474832892,597.6,0.00802456
1474832894,598.0,0.06779264
1474832933,597.05,0.16648076
1474832986,598.0,0.13635
1474833099,598.0,0.04925918
1474833161,598.0,0.009
1474833212,598.0,0.96319062
1474833214,598.28,0.03762452
1474833220,597.13,0.03764
1474833464,598.37,0.03170973
1474833575,598.37,0.00981623
1474833665,598.37,2.0
1474833675,598.37,0.45847404
1474833675,598.68,0.00053971
1474833676,599.23,2.45293455
1474833681,599.32,0.014
1474833681,599.33,0.44510181
1474833703,597.42,3.00913693
1474833703,597.42,0.168
1474833703,597.42,0.169
1474833703,597.42,0.167
1474833704,597.42,0.169
1474833704,597.42,0.16
1474833704,597.42,0.161
1474833704,597.42,0.161
1474833704,597.42,0.162
1474833704,597.42,0.169
1474833704,597.42,0.38854036
1474833944,599.45,0.0674024
1474833991,599.31,0.02033706
1474834051,599.3,2.7184
1474834051,599.3,1.2816
1474834209,597.68,1.87030173
1474834326,599.31,0.1515
1474834336,599.3,0.01022334
1474834405,597.78,0.286
1474834412,599.23,0.11993725
1474834435,598.7,0.04
1474834440,598.7,0.021
1474834442,598.7,0.129
1474834444,598.7,0.019
1474834444,598.7,0.041
1474834446,598.7,0.127
1474834446,598.7,0.054
1474834448,598.7,0.115
1474834448,597.8,0.293
1474834451,597.62,0.01
1474834609,597.7,4.5
1474834609,597.7,0.16
1474834609,597.7,0.16
1474834609,597.7,0.16
1474834609,597.7,0.02
1474834664,597.73,1.08333104
1474834955,597.83,0.064
1474834957,597.83,0.01
1474834959,597.83,0.079
1474834963,597.83,0.061
1474834963,597.64,0.093
1474834965,597.64,0.059
1474834967,597.84,0.061
1474834969,597.84,0.06
1474834976,597.84,0.04
1474835175,599.23,0.02164444
1474835455,597.69,1.0
1474835458,597.69,0.036
1474835460,597.69,1.0
1474835462,597.69,0.02046
1474835464,597.69,0.07
1474835466,597.69,0.01
1474835469,597.69,0.06
1474835471,597.69,0.002
1474835471,597.65,0.104
1474835473,597.65,0.142
1474835475,597.63,0.051
1474835477,598.83,0.1
1474835477,597.7,0.028
1474835479,597.7,0.284
1474835481,597.7,0.668
1474835481,597.66,0.312
1474835483,597.66,0.046
1474835486,597.66,0.9
1474835488,597.66,0.196
1474835490,597.66,0.118
1474835493,597.66,0.526
1474835495,597.66,0.837
1474835497,597.05,0.65275
1474835499,597.05,0.226
1474835501,597.05,0.581
1474835503,597.07,0.01
1474835713,598.78,0.16
1474835713,598.78,0.16
1474835713,598.78,0.161
1474835713,598.78,0.1624183
1474835713,598.78,0.16
1474835714,598.78,0.16
1474835714,598.78,0.16
1474835714,598.78,0.161
1474835725,598.78,0.06099
1474835726,598.78,6.8e-06
1474835727,598.78,0.0609832
1474835728,598.78,0.06099
1474835731,598.78,0.0470268
1474835731,597.25,0.0609832
1474835733,597.25,0.062
1474835735,597.26,0.10801
1474835882,598.77,0.3
1474835889,598.77,0.0244964
1474836006,597.52,0.354
1474836017,597.55,0.87612
1474836019,597.53,0.67
1474836019,597.53,0.33
1474836021,597.53,0.25947
1474836023,597.53,1.0
1474836026,597.54,0.01
1474836028,597.54,1.0
1474836030,597.53,0.49489
1474836033,597.53,1.0
1474836035,597.53,0.162
1474836036,597.53,0.09457
1474836037,597.54,1.0
1474836040,597.53,0.04543
1474836040,597.53,0.161
1474836040,597.53,0.04752
1474836042,597.53,0.096
1474836044,597.54,1.0
1474836047,597.53,0.00048
1474836047,597.53,0.15874
1474836070,597.53,0.00226
1474836071,597.53,0.162
1474836071,597.53,0.161
1474836071,597.53,0.16
1474836071,597.53,0.16
1474836072,597.53,0.16
1474836072,597.53,0.168
1474836072,597.53,0.02674
1474836073,597.53,0.25265
1474836076,597.53,0.03
1474836077,597.54,0.214
1474836079,597.54,0.037
1474836082,597.54,0.96606
1474836084,597.54,0.381
1474836087,597.54,0.01
1474836089,597.54,1.0
1474836092,597.54,1.0
1474836093,597.54,0.12398
1474836095,597.54,0.133
1474836097,597.54,0.16
1474836097,597.54,0.16
1474836097,597.54,0.171
1474836098,597.54,0.169
1474836098,597.54,0.34
1474836100,597.54,0.062
1474836100,597.54,0.05937
1474836102,597.54,0.10963
1474836102,597.54,0.03937
1474836104,597.54,0.13163
1474836104,597.54,0.171
1474836104,597.54,0.167
1474836104,597.54,0.169
1474836105,597.54,0.165
1474836105,597.54,0.19637
1474836107,597.54,0.1049
1474836109,597.54,0.09873
1474836110,597.54,0.408
1474836110,597.54,0.09727
1474836112,597.54,0.07273
1474836112,597.54,0.01727
1474836114,597.54,0.01
1474836116,597.54,0.07
1474836118,597.54,0.07373
1474836118,597.54,0.399
1474836118,597.54,0.52727
1474836122,597.54,0.05573
1474836122,597.53,0.67184
1474836124,597.53,1.0
1474836127,597.53,0.05572
1474836129,597.53,0.01
1474836130,597.53,0.05572
1474836133,597.53,0.472
1474836137,597.53,0.01
1474836139,597.53,0.438
1474836141,597.53,1.0
1474836143,597.53,0.01
1474836146,597.53,1.0
1474836148,597.53,0.01
1474836150,597.53,0.01
1474836153,597.53,0.036
1474836155,597.01,0.013
1474836158,597.02,0.806
1474836160,597.01,0.595
1474836263,598.77,0.1355036
1474836263,598.77,0.161
1474836263,598.77,0.168
1474836264,598.77,0.169
1474836264,598.77,0.169
1474836264,598.77,0.03220756
1474836272,597.0,0.06281703
1474836282,597.03,1.27
1474836363,597.06,2.70875075
1474836512,597.07,0.05304369
1474836605,598.77,0.10090779
1474836904,597.09,0.14047789
1474837126,597.1,0.44968513
1474837210,598.77,0.02688465
1474837210,598.77,0.06812035
1474837545,598.77,0.08769596
1474837597,598.77,0.00418369
1474837598,598.77,0.00964628
1474837685,598.77,0.15017002
1474837685,598.77,0.06934098
1474837688,598.77,0.09265902
1474837688,598.77,0.16
1474837688,598.77,0.161
1474837689,598.77,0.16099999
1474837689,598.77,0.16200001
1474837689,598.77,0.161
1474837689,598.77,0.161
1474837689,598.77,0.16
1474837689,598.77,0.16
1474837690,599.09,2.62134098
1474837920,599.12,0.03298099
1474837938,599.14,0.76225924
1474838043,597.4,0.11131975
1474838190,597.4,0.1172
1474838195,597.4,1.248298
1474838394,599.04,0.07777684
1474838397,597.4,0.07777
1474838399,597.4,0.053
1474838401,597.4,0.07777
1474838407,599.14,0.12221
1474839060,597.4,0.05
1474839138,597.4,1.19051225
1474839139,597.4,0.161
1474839139,597.4,0.161
1474839139,597.4,0.16
1474839139,597.4,0.161
1474839139,597.4,0.161
1474839139,597.4,0.162
1474839139,597.4,0.16
1474839140,597.4,0.162
1474839140,597.4,0.161
1474839140,597.4,0.16
1474839140,597.4,0.16
1474839140,597.4,0.169
1474839140,597.4,0.16
1474839140,597.4,0.169
1474839141,597.4,0.16
1474839141,597.4,0.168
1474839141,597.4,0.16
1474839143,596.98,7.8654
1474839145,596.98,0.405
1474839145,596.95,1.7296
1474839147,597.16,0.16
1474839290,597.4,1.05448775
1474839290,597.4,0.16
1474839290,597.4,0.16
1474839290,597.4,0.16
1474839290,597.4,0.162
1474839290,597.4,0.16
1474839291,597.4,0.161
1474839291,597.4,0.161
1474839291,597.4,0.16
1474839291,597.4,0.161
1474839291,597.4,0.161
1474839291,597.4,0.162
1474839291,597.4,0.16
1474839291,597.4,0.161
1474839292,598.92,2.99371576
1474839292,598.98,2.20807038
1474839297,597.16,0.01
1474839299,597.16,0.15
1474839299,597.16,0.17
1474839299,597.16,0.14
1474839300,597.16,0.032
1474839301,597.16,0.121
1474839339,598.96,0.13134433
1474839400,598.95,0.08327907
1474839470,598.24,0.01
1474839472,598.24,0.056
1474839474,597.09,0.497
1474839476,597.16,0.01
1474839478,597.16,0.01
1474839480,596.98,0.01
1474839910,598.96,0.169
1474839911,598.96,0.13
1474839911,599.13,2.75
1474839911,599.37,1.951
1474840504,597.29,0.09268422
1474840876,599.0,0.05485
1474840878,599.0,6e-06
1474840878,599.0,0.054844
1474840880,599.0,0.05485
1474840882,599.0,0.060306
1474840882,599.0,0.097694
1474840884,599.0,0.071306
1474840884,599.0,0.040694
1474840886,599.0,0.127306
1474840886,597.29,0.1
1474840886,597.14,0.111694
1474840888,597.14,0.075
1474840891,597.13,0.01
1474840993,599.0,0.054856
1474841140,599.08,0.85137377
1474841154,597.32,0.5
1474841596,599.2,0.585
1474841601,597.31,0.301
1474841604,597.35,0.07
1474841606,597.36,0.466
1474841709,597.37,0.08386935
1474841734,597.37,0.05535377
1474841750,597.37,0.17
1474841750,597.37,0.16
1474841750,597.37,0.114523
1474841750,597.37,0.054477
1474841750,597.37,0.13845481
1474841869,599.15,0.04873507
1474842060,599.15,0.01259719
1474842070,597.37,1.32558303
1474842172,599.07,2.89854425
1474842173,599.07,1.11928957
1474842173,599.07,1.085
1474842173,599.07,0.31406511
1474842202,598.0,0.36746393
1474842203,598.0,0.161
1474842203,598.0,0.161
1474842203,598.0,0.08147096
1474842203,598.0,0.07852904
1474842203,598.0,0.16
1474842203,598.0,0.161
1474842203,598.0,0.161
1474842204,598.0,0.16
1474842204,598.0,0.159
1474842204,598.0,0.161
1474842204,598.0,0.16
1474842204,598.0,0.162
1474842204,598.0,0.10782822
1474842205,599.04,0.85409774
1474842205,599.04,2.14590226
1474842205,599.15,2.76286878
1474842245,597.38,0.08240628
1474842287,597.39,0.42650001
1474842361,597.4,0.159
1474842362,597.4,0.16
1474842362,597.4,0.16
1474842362,597.4,0.16
1474842362,597.4,0.13100696
1474842396,599.28,0.16
1474842396,599.28,0.16
1474842396,599.28,0.0311
1474842447,597.4,0.02799304
1474842447,597.4,0.05953132
1474842516,599.11,0.16
1474842516,599.11,0.1279
1474842516,599.11,0.159
1474842516,599.25,2.5531
1474842558,599.24,1.71512286
1474842854,599.09,0.1755
1474842886,597.44,0.16
1474842886,597.44,0.16
1474842886,597.44,0.16
1474842886,597.44,0.16
1474842886,597.4,0.10146868
1474842886,597.4,0.161
1474842886,597.4,0.09753132
1474842905,599.09,0.08935524
1474842977,597.4,0.049
1474842983,599.05,0.21598624
1474842997,597.4,0.01446868
1474842997,597.4,0.161
1474842998,597.4,0.16
1474842998,597.4,0.162
1474842998,597.4,0.16
1474842998,597.4,0.16
1474842998,597.4,0.16
1474842998,597.3,1.53840142
1474843103,599.01,0.13965323
1474843213,597.31,0.18117601
1474843228,598.99,0.16
1474843228,598.99,0.16
1474843228,598.99,0.162
1474843228,598.99,0.16
1474843228,598.99,0.161
1474843228,598.99,0.16
1474843229,599.09,0.037
1474843238,597.32,0.5
1474843318,597.32,0.49433897
1474843477,597.32,0.25163335
1474843555,599.06,0.2923
1474843678,597.4,0.08315
1474843701,599.31,3.0
1474843703,599.32,1.82680371
1474843862,597.56,0.06584358
1474843910,597.44,0.03270904
1474843911,597.33,0.04193187
1474843918,597.45,0.0383922
1474844072,597.38,1.0977
1474844093,597.35,0.32951546
1474844253,597.54,0.03479588
1474844284,599.31,0.159
1474844285,597.4,0.0824296
1474844289,599.31,0.0795
1474844294,599.31,0.2385
1474844299,598.71,0.00866855
1474844299,599.3,0.15033145
1474844305,599.3,0.159
1474844309,599.29,0.159
1474844314,599.29,0.159
1474844319,599.29,0.318
1474844321,599.29,0.1363542
1474844324,599.28,0.159
1474844329,599.28,0.159
1474844334,599.28,0.318
1474844339,599.27,0.159
1474844345,599.27,0.159
1474844414,597.43,1.31805478
1474844485,597.42,1.64763214
1474844526,597.4,0.29119681
1474844623,599.33,0.38443324
1474844786,599.56,0.04058085
1474844794,599.55,0.0184
1474844838,597.54,0.091465
1474844880,599.6,0.08852161
1474844894,597.5,0.17
1474844894,597.5,0.138
1474844894,597.5,0.169
1474844894,597.5,0.01728142
1474844937,599.5,0.12357488
1474845051,597.66,5.0
1474845085,597.67,0.153
1474845085,597.67,0.01332017
1474845149,597.79,0.16311015
1474845286,597.79,0.147
1474845286,597.79,0.01894188
1474845294,597.79,0.04943554
1474845315,599.4,0.1
1474845317,597.68,0.1
1474845320,597.69,0.1
1474845322,597.69,0.03
1474845405,597.42,0.05197202
1474845477,597.41,0.12
1474845477,597.36,0.21359523
1474845558,597.41,0.50317402
1474845559,597.41,0.08386233
1474845559,597.41,0.0443
1474845733,599.03,0.09594636
1474845734,597.5,1.4650807
1474845758,597.5,0.144
1474845758,597.45,0.71319644
1474845790,597.43,0.169
1474845790,597.41,0.07826409
1474845901,599.05,0.16
1474845902,599.05,0.07164476
1474845902,599.05,0.161
1474845902,599.09,1.28920605
1474846034,597.42,0.16
1474846035,597.42,0.171
1474846036,597.41,0.31
1474846036,597.36,2.519
1474846096,599.1,0.28005341
1474846117,597.41,0.28
1474846119,597.36,0.0073273
1474846140,597.41,0.16
1474846140,597.41,0.09591942
1474846152,597.41,0.06440075
1474846152,597.41,0.16
1474846153,597.41,0.161
1474846153,597.41,0.16
1474846153,597.41,0.159
1474846153,597.41,0.06837742
1474846153,597.41,0.05514265
1474846153,597.41,0.161
1474846153,597.41,0.16
1474846153,597.41,0.162
1474846154,597.41,0.16
1474846318,597.54,1.68185081
1474846333,597.54,0.06007664
1474846355,597.54,0.066
1474846518,599.31,0.12607664
1474846525,597.44,0.11688
1474846525,599.37,0.11656983
1474846529,597.44,0.11688
1474846637,597.58,0.08732886
1474846717,598.99,0.0284132
1474846789,597.58,0.04275762
1474846816,598.99,0.60772467
1474846958,597.58,0.02991352
1474846958,597.58,0.159
1474846959,597.58,0.01397562
1474846985,597.58,0.14602438
1474846985,597.58,0.17
1474846985,597.58,0.16
1474846985,597.58,0.171
1474846986,597.58,0.17
1474846986,597.58,0.169
1474846986,597.58,0.04581106
1474846986,597.58,0.29418894
1474846986,597.54,3.0
1474846987,597.37,0.58732087
1474847079,598.97,0.31331843
1474847085,598.96,0.04064737
1474847244,597.61,0.68
1474847246,597.4,0.15572909
1474847318,597.61,0.01427091
1474847318,597.61,0.09292909
1474847322,598.97,0.16
1474847322,598.97,0.159
1474847322,598.97,0.02355992
1474847485,597.61,0.08232957
1474847525,597.61,0.08867043
1474847526,597.61,0.17
1474847526,597.61,0.05191877
1474847534,597.61,0.11908123
1474847534,597.61,0.16
1474847534,597.61,0.159
1474847534,597.61,0.13
1474847534,597.61,0.54
1474847534,597.59,0.29091877
1474847582,597.59,0.1290187
1474847757,598.96,0.85319997
1474847776,598.98,0.48607964
1474848028,598.95,0.53853309
1474848077,597.38,1.67508341
1474848197,597.38,0.08051189
1474848213,598.94,0.03065216
1474848294,597.36,0.49909862
1474848329,598.9,0.53486022
1474848330,597.35,0.194
1474848333,597.35,0.03
1474848335,598.82,0.12156117
1474848340,597.35,0.016
1474848344,597.35,0.326
1474848347,597.35,1.0
1474848358,597.35,0.081487
1474848359,597.35,0.51678
1474848363,597.35,0.381
1474848365,598.93,0.24222353
1474848367,597.35,0.812
1474848372,597.35,1.0
1474848376,597.35,0.31733
1474848703,597.35,0.076
1474848766,597.35,0.05032245
1474848886,597.35,1.0
1474848905,598.3,0.03
1474848909,598.3,0.119
1474848913,598.3,0.01
1474848915,598.3,0.05
1474848920,598.3,0.96118
1474848923,598.3,1.0
1474848926,598.3,0.26142
1474848929,598.3,0.61567
1474848929,598.3,0.171
1474848930,598.3,0.17
1474848930,598.3,0.04333
1474848933,598.3,0.12867
1474848934,598.3,0.12527
1474848936,598.3,0.04473
1474848936,597.36,0.95527
1474848940,597.36,0.12
1474848944,597.35,0.102
1474848947,597.35,0.09
1474849286,597.37,0.01729179
1474849308,597.42,0.0811
1474849331,598.96,2.49175434
1474849426,598.93,0.01471
1474849428,598.93,4.8e-07
1474849428,597.51,0.00999952
1474849445,597.51,0.00400048
1474849446,597.39,0.07780752
1474849679,598.94,0.01381
1474849684,598.94,8.8e-07
1474849684,597.39,0.01380912
1474849686,597.39,0.01
1474849737,598.92,3.10883
1474849838,597.64,0.49405133
1474849864,598.93,0.079
1474849864,598.93,0.13644008
1474849864,598.93,0.161
1474849864,598.93,0.159
1474849864,598.93,0.16
1474849864,598.93,0.159
1474849864,598.93,0.16
1474849865,598.93,0.16
1474849865,598.99,1.2019515
1474849878,597.67,0.04359819
1474849893,598.98,0.14828227
1474849918,597.69,0.15259369
1474850077,597.72,0.172
1474850078,597.72,0.07497229
1474850132,598.96,0.51071192
1474850147,598.98,1.72490722
1474850173,597.72,0.47776738
1474850286,597.8,0.17
1474850286,597.8,0.171
1474850286,597.8,0.171
1474850286,597.71,0.32611829
1474850565,598.97,0.32830933
1474850587,598.95,2.19870075
1474850885,597.84,0.415
1474850928,598.98,0.30130086
1474850960,598.98,0.628
1474850994,598.95,0.157691
1474851030,598.98,3.52628535
1474851129,597.89,0.184
1474851133,597.89,0.211
1474851136,597.89,0.053
1474851139,597.9,0.042
1474851141,597.9,0.184
1474851143,597.9,0.126
1474851145,597.91,0.04
1474851148,597.91,0.46
1474851150,597.91,0.092
1474851152,597.91,0.37
1474851154,597.91,0.049
1474851157,597.92,0.097
1474851161,597.92,0.012
1474851164,597.93,0.06
1474851170,597.93,0.04
1474851184,597.95,0.02
1474851186,597.95,0.452
1474851188,597.95,0.056
1474851191,597.95,0.01
1474851193,597.95,0.03
1474851195,597.95,0.296
1474851198,597.96,0.839
1474851200,597.96,0.24
1474851203,597.96,0.14
1474851205,597.96,0.19
1474851207,597.96,0.01
1474851209,597.96,0.173
1474851211,597.96,0.54
1474851214,597.96,0.70989
1474851271,598.97,0.2
1474851273,598.97,0.0131
1474851273,597.72,0.0069
1474851275,597.72,0.2131
1474851277,597.73,0.01
1474851280,598.0,0.2131
1474851291,598.0,0.01
1474851293,598.0,0.02
1474851295,598.0,0.37
1474851297,598.0,0.4069
1474851297,597.75,0.0321
1474851300,597.75,0.01
1474851302,597.76,0.011
1474851304,597.76,0.01
1474851360,598.99,0.021
1474851654,597.89,0.08045129
1474851664,597.89,1.0
1474851666,597.89,0.093
1474851668,597.89,0.406
1474851671,597.9,0.336
1474851674,597.9,0.01
1474851676,597.9,0.11
1474851679,597.9,0.332
1474851681,597.9,0.055
1474851684,597.9,0.01
1474851687,597.9,0.632
1474851691,597.75,0.06161429
1474851691,597.66,0.09838571
1474851693,597.66,0.24
1474851696,597.67,0.366
1474851698,597.67,0.05
1474851911,598.98,0.157944
1474851958,597.8,0.14721036
1474851964,597.8,0.01
1474851966,597.8,0.089
1474851967,597.8,0.05
1474851969,597.8,0.23
1474851972,597.8,1.0
1474851975,597.8,0.355
1474851977,597.81,0.06
1474851980,597.81,0.014
1474851990,597.81,0.04106986
1474852008,598.98,0.45538027
1474852042,598.98,0.157944
1474852049,598.98,0.30399012
1474852174,597.81,0.0436697
1474852333,598.99,0.031681
1474852437,597.81,0.04116341
1474852469,597.82,0.01695341
1474852546,598.99,0.42012785
1474852569,598.01,0.18
1474852571,598.01,0.027
1474852574,598.01,0.01
1474852576,598.01,0.01
1474852578,598.01,0.01
1474852580,598.01,0.042
1474852583,598.01,0.811
1474852586,598.01,0.54636
1474852588,598.01,0.022
1474852591,598.01,0.209
1474852593,598.01,0.1260152
1474852593,598.01,0.1439848
1474852595,598.01,0.0280152
1474852595,597.82,0.1039848
1474852598,597.82,0.104
1474852600,597.82,0.022
1474852602,597.82,0.0300152
1474852603,597.75,0.163
1474852603,597.75,0.1049948
1474852782,597.82,0.26
1474852782,597.76,0.602
1474852798,597.77,0.10702666
1474853133,597.77,0.01676236
1474853233,598.99,0.600816
1474853270,597.77,0.01676236
1474853293,598.97,0.087
1474853352,597.77,0.15423764
1474853353,597.77,0.04176236
1474853355,597.77,0.081
1474853358,597.77,0.04823764
1474853358,597.77,0.172
1474853358,597.38,0.24876236
1474853361,597.77,0.05
1474853370,597.77,0.381
1474853372,597.77,0.02
1474853375,597.77,0.052
1474853377,597.77,0.33
1474853380,597.77,0.05
1474853383,597.77,0.297
1474853383,597.36,0.215
1474853386,597.36,0.017
1474853438,597.77,0.06369699
1474853493,597.77,0.06850446
1474853548,597.77,0.10449554
1474853549,597.77,0.34350446
1474853551,597.77,0.079
1474853554,597.77,0.09
1474853557,597.77,0.02
1474853563,597.77,0.05
1474853563,597.77,0.158
1474853567,597.77,0.002
1474853567,597.77,0.078
1474853569,597.77,0.038
1474853569,597.77,0.16
1474853569,597.77,0.082
1474853572,597.77,0.144
1474853575,597.77,0.269
1474853577,597.77,0.32
1474853580,597.77,0.235
1474853580,597.52,0.046
1474853585,597.53,0.01
1474853587,597.53,0.21
1474853628,597.77,0.36
1474853631,597.77,0.33
1474853635,597.77,0.01
1474853639,597.77,0.11
1474853639,597.38,0.039
1474853642,597.38,0.09
1474853648,597.39,0.02
1474853662,598.9,0.16
1474853662,598.9,0.08329003
1474853676,598.9,0.03971875
1474853728,598.96,0.12406549
1474853734,597.45,0.0212665
1474853735,598.95,0.04865313
1474853741,598.94,3.10163717
1474853836,597.45,0.18
1474853840,597.45,0.267
1474853845,597.45,0.03
1474854013,597.38,0.04938953
1474854086,597.42,0.2
1474854096,598.93,0.16
1474854096,598.99,0.35507291
1474854117,597.47,0.01810979
1474854151,598.99,0.42639374
1474854427,598.98,0.36086425
1474854494,598.99,0.05845473
1474854557,597.63,0.03292252
1474854624,598.95,0.43787819
1474854644,598.99,0.039
1474854653,597.63,0.04359236
1474854747,598.93,0.118
1474854761,598.98,0.149
1474854789,599.0,0.41132856
1474854917,597.64,0.16461809
1474854950,597.64,0.0691396
1474854980,598.97,0.26758329
1474854993,598.97,0.157944
1474855003,598.96,0.07651488
1474855003,598.96,0.15929129
1474855003,598.96,0.08219383
1474855005,598.88,0.154
1474855011,598.88,0.156
1474855015,598.88,0.01
1474855019,598.88,0.01
1474855024,598.88,0.07
1474855024,597.64,0.01
1474855028,597.64,0.08
1474855108,598.94,0.149
1474855124,598.99,0.102
1474855138,598.96,0.07
1474855144,598.96,0.02746128
1474855144,598.96,0.07953872
1474855146,598.97,0.0233
1474855149,598.96,0.09346128
1474855149,598.96,0.03653872
1474855154,598.96,0.01
1474855157,598.96,0.05
1474855161,598.96,0.01
1474855165,598.96,0.06446128
1474855166,598.96,0.171
1474855166,598.96,0.172
1474855166,597.64,0.05999872
1474855166,598.97,0.0233
1474855170,597.64,0.05
1474855173,598.99,0.157944
1474855213,597.64,0.14251111
1474855215,598.98,0.01622605
1474855229,597.64,0.04899322
1474855302,597.64,0.0201
1474855332,599.0,0.157944
1474855405,597.64,0.0261
1474855421,598.98,0.0585
1474855424,598.98,0.017
1474855424,598.98,0.173
1474855451,598.96,0.0585
1474855456,598.96,0.0585
1474855461,597.64,0.04191503
1474855512,598.75,0.157944
1474855516,598.75,0.191
1474855532,598.75,0.42586422
1474855538,598.75,0.60837745
1474855614,597.65,0.16461262
1474855663,598.75,0.1069882
1474855690,598.75,0.01968263
1474855733,597.65,0.063118
1474855747,598.75,0.24284546
1474855793,598.75,0.26847291
1474855926,597.65,0.108882
1474855926,597.65,0.22643265
1474856002,598.74,0.15781
1474856151,598.73,0.13710825
1474856151,598.73,0.11089175
1474856194,598.73,0.026
1474856328,598.73,0.02410825
1474856328,598.73,0.07780617
1474856328,598.73,0.1367
1474856328,598.75,0.04554151
1474856351,598.0,0.453
1474856352,598.75,0.0585
1474856355,598.0,0.02
1474856357,598.75,0.117
1474856362,598.0,0.06
1474856362,598.75,0.0585
1474856495,598.74,0.153
1474856495,598.75,0.23636157
1474856504,598.74,0.162
1474856504,598.75,0.305
1474856550,598.0,0.03183624
1474856603,598.75,0.15781
1474856615,598.0,0.13916376
1474856616,598.0,0.171
1474856616,598.0,0.172
1474856616,598.0,0.173
1474856617,597.66,0.00983624
1474856671,598.74,0.78536772
1474856687,598.75,0.022
1474856933,597.47,0.05868988
1474857084,598.75,0.186
1474857154,598.75,0.07
1474857227,598.75,0.06
1474857258,597.5,5.5
1474857260,597.5,1.754
1474857336,597.5,0.60899414
1474857342,597.5,1.58338477
1474857348,597.5,0.02435977
1474857374,597.38,0.04048602
1474857381,597.5,2.01276132
1474857381,597.5,0.161
1474857381,597.5,0.16119
1474857381,597.5,0.16204868
1474857414,597.46,0.02515996
1474857528,597.46,0.171
1474857528,597.46,0.22
1474857528,597.36,1.27
1474857722,597.46,0.171
1474857722,597.46,0.19
1474857722,597.36,6.299
1474857726,597.36,0.045785
1474857736,597.5,0.00095132
1474857738,598.99,9.99191973
1474857841,597.65,1.622
1474857853,597.63,0.17
1474857853,597.63,0.172
1474857853,597.63,0.172
1474857854,597.4,16.932
1474857854,597.35,4.00708055
1474857854,597.27,3.0
1474857854,597.02,2.84
1474857854,597.01,0.05
1474857854,597.01,15.78
1474857854,597.0,6.87691945
1474857864,597.36,0.17
1474857865,597.03,2.62
1474857865,597.02,16.932
1474857865,597.01,16.78
1474857865,597.0,3.05714777
1474857865,596.95,2.80466956
1474857865,596.94,20.0
1474857865,596.8,10.0
1474857866,596.79,27.63618267
1474857921,597.65,0.032
1474857926,596.8,0.07657583
1474857933,597.65,0.034427
1474857949,597.65,0.08
1474857962,597.65,3.862
1474858063,597.61,0.027
1474858063,597.61,0.00382
1474858083,597.61,0.15918
1474858083,597.65,3.61082
1474858240,597.65,0.13394508
1474858248,597.65,0.30442065
1474858254,597.65,0.32038727
1474858262,598.83,2.35137332
1474858270,598.82,0.026
1474858278,597.65,0.02199439
1474858625,598.0,0.108
1474858674,597.99,0.042
1474858710,597.65,0.14900561
1474858710,597.65,0.12762897
1474858734,597.99,0.113
1474858924,597.99,0.161
1474858924,597.99,0.161
1474858924,598.0,2.048
1474858933,598.0,0.2926
1474859013,598.0,6.3489
1474859053,597.9,0.01717769
1474859263,598.0,0.62551839
1474859290,598.0,0.57698161
1474859374,598.99,0.2831099
1474859598,597.65,0.10563118
1474859606,597.6,0.04937558
1474859636,598.99,0.29526477
1474860087,597.92,0.8125578
1474860161,599.0,0.00838063
1474860333,598.43,0.172
1474860334,598.43,0.172
1474860334,598.43,0.154
1474860334,598.43,0.173
1474860334,598.13,1.0033881
1474860431,597.81,0.00838
1474860445,598.19,0.07804716
1474860715,598.98,0.15999122
1474860715,598.98,0.065
1474860715,598.98,0.16
1474860715,598.98,0.159056
1474860715,598.98,0.161
1474860715,598.98,0.161
1474860837,598.98,0.09072627
1474860855,597.92,0.04310178
1474860945,598.98,0.26736732
1474860953,598.98,0.30382651
1474861125,597.83,0.01809716
1474861311,598.98,0.04054127
1474861312,598.98,0.04054127
1474861321,598.98,0.04054127
1474861558,598.12,0.40663416
1474861566,598.12,0.50260197
1474861718,598.1,0.024782
1474861726,598.09,0.33505114
1474861813,598.09,3.26
1474861814,598.08,3.26432175
1474861814,597.86,2.7
1474861814,597.85,2.98
1474861814,597.82,2.99
1474861814,597.81,1.56580216
1474861837,597.82,0.02467754
1474861870,597.82,0.50259355
1474861897,597.82,2.48740645
1474861897,597.55,3.0
1474861897,597.54,3.271547
1474861898,597.54,3.27
1474861898,597.24,3.015467
1474861898,597.16,6.8
1474861898,597.15,32.82
1474861899,597.0,5.33557955
1474862102,597.28,0.16
1474862102,597.28,0.16
1474862103,597.28,0.125
1474862103,597.28,0.02473135
1474862207,598.96,12.27727599
1474862214,598.96,4.65472401
1474862215,598.96,0.161
1474862215,598.96,0.16
1474862215,598.96,0.161
1474862215,598.96,0.159
1474862216,598.96,0.16004045
1474862216,598.96,0.16
1474862216,598.96,6.66171651
1474862225,598.95,12.27748097
1474862232,598.95,4.65451903
1474862232,598.95,0.16
1474862232,598.95,0.161
1474862233,598.95,0.16
1474862233,598.95,0.16000001
1474862233,598.95,0.164
1474862233,598.95,0.161
1474862235,598.95,0.16
1474862237,598.95,4.64323633
1474862410,598.92,0.01001786
1474862501,597.57,0.09561587
1474862652,598.96,0.15643
1474862746,598.96,0.0485644
1474862758,597.38,0.12354542
1474862830,597.33,0.44347864
1474862907,598.96,0.54690597
1474863093,597.55,0.091355
1474863149,597.55,0.50302249
1474863174,598.98,0.0584
1474863194,597.61,16.932
1474863196,597.61,0.173
1474863196,597.61,7.16
1474863196,597.54,0.16
1474863196,597.54,0.172
1474863197,597.32,3.6
1474863197,596.98,2.9
1474863197,596.8,3.0
1474863198,596.65,0.172
1474863198,596.65,0.172
1474863198,596.65,3.0
1474863199,596.6,6.0
1474863199,596.6,0.04860878
1474863199,596.51,0.1
1474863199,596.51,0.45
1474863200,596.51,2.8137
1474863200,596.5,8.103
1474863200,596.5,20.0
1474863200,596.5,15.0
1474863201,596.4,2.79
1474863201,596.39,2.8
1474863201,596.1,0.37
1474863202,596.1,12.08369122
1474863211,596.8,0.117
1474863211,596.8,0.16
1474863211,596.8,0.16
1474863211,596.8,0.161
1474863211,596.8,0.162
1474863211,596.8,0.165
1474863211,596.8,0.15198214
1474863212,596.8,0.162
1474863212,596.8,0.12034722
1474863212,596.8,0.16
1474863212,596.8,0.16067064
1474863216,596.8,0.00089936
1474863216,596.8,0.16
1474863223,598.53,0.14337118
1474863224,598.53,0.00838722
1474863548,598.77,0.05465857
1474863644,597.52,1.24919405
1474863701,598.67,0.00838511
1474863853,598.66,0.07359756
1474863997,598.67,0.016909
1474864373,597.52,0.42990659
1474864373,597.52,0.173
1474864373,597.52,0.172
1474864373,597.52,0.12509341
1474864381,598.19,4.0
1474864504,598.23,3.453
1474864626,598.16,5.457
1474864651,597.52,0.04690659
1474864651,597.52,0.174
1474864660,597.52,0.67909341
1474864660,597.52,0.08740244
1474864660,597.52,0.162
1474864660,597.52,0.16
1474864660,597.52,0.162
1474864660,597.52,0.16
1474864661,597.52,0.13350415
1474864694,596.44,0.32541
1474864790,597.52,0.03049585
1474864790,597.52,0.161
1474864790,597.52,0.16
1474864790,597.52,0.162
1474864790,597.52,0.162
1474864790,598.22,2.78550415
1474864973,598.42,0.162
1474864973,598.5,4.258
1474865098,598.4,0.08335561
1474865255,598.47,1.0
1474865274,598.46,2.786
1474865408,597.05,1.0
1474865446,598.41,0.32821861
1474865497,598.38,5.317
1474865534,597.1,0.247489
1474865565,597.1,0.24734
1474865651,598.44,4.0
1474865687,597.1,0.06041223
1474865705,597.1,0.44475877
1474865705,597.1,1.0
1474865706,597.1,0.67817121
1474865923,598.44,0.165
1474865923,598.44,0.161
1474865923,598.44,0.067
1474865923,598.44,0.162
1474865923,598.44,0.161
1474865924,598.44,0.16
1474865924,598.51,3.5746
1474865924,598.63,0.42810435
1474865924,598.77,1.015
1474865924,598.77,0.33920868
1474865984,598.71,0.12
1474865984,598.71,2.191
1474866003,597.2,0.07
1474866133,598.77,0.016103
1474866296,597.04,0.11614361
1474866322,597.25,0.0104249
1474866323,598.77,0.165
1474866323,598.77,0.161
1474866323,598.77,0.162
1474866323,598.77,0.07718832
1474866324,598.77,0.08481168
1474866324,598.77,0.155745
1474866345,598.77,0.004255
1474866345,598.77,0.03219242
1474866374,597.08,0.08399
1474866431,597.06,0.00905
1474866490,598.77,0.12980758
1474866490,598.77,0.14177728
1474866501,598.77,0.02022272
1474866501,598.77,0.162
1474866502,598.77,0.161
1474866502,598.84,2.70577728
1474866558,598.97,0.24215854
1474866604,598.5,0.1567946
1474866753,598.5,1.5132054
1474866753,598.99,0.0867946
1474866875,597.3,0.09
1474867024,598.0,1.0
1474867024,598.99,2.175
1474867038,597.35,0.08219976
1474867144,597.5,1.0
1474867145,598.5,1.0
1474867175,597.5,0.171
1474867175,597.5,0.165
1474867175,597.5,0.17
1474867175,597.5,0.1506
1474867176,597.5,0.586
1474867176,597.5,0.409
1474867176,597.5,0.172
1474867176,597.5,0.1684
1474867240,597.5,0.0006
1474867240,597.5,0.067
1474867243,598.84,0.171
1474867243,598.84,0.171
1474867243,598.84,0.172
1474867243,599.0,0.19230476
1474867244,599.0,0.95778025
1474867244,599.0,2.43934007
1474867247,599.0,0.13880819
1474867254,599.0,0.36433422
1474867701,597.38,16.932
1474867703,597.32,14.068
1474867709,597.39,0.04854748
1474867750,598.99,0.04
1474867767,598.99,2.202
1474867804,597.5,0.06
1474867878,597.5,1.676
1474867910,597.5,0.02474063
1474867930,598.79,0.03164716
1474867969,598.4,5.361
1474868045,597.5,0.05312791
1474868095,598.4,2.056
1474868153,598.99,0.24295898
1474868157,598.99,0.06073975
1474868163,598.99,0.04251782
1474868444,598.98,1.21481519
1474868608,598.0,0.2826242
1474868722,598.98,0.024137
1474868796,598.0,0.02
1474868799,598.0,0.02
1474868827,598.0,0.02
1474868836,598.98,1.10134658
1474868864,598.0,0.02
1474869044,598.98,0.60740759
1474869050,598.97,2.24740809
1474869084,598.92,2.674
1474869085,598.91,1.0
1474869132,598.94,0.18469051
1474869138,598.95,1.0
1474869143,598.92,1.0
1474869152,598.98,1.0
1474869158,598.98,1.0
1474869220,598.96,0.0291
1474869225,598.96,9.3e-07
1474869225,598.96,0.162
1474869225,598.96,0.173
1474869225,598.96,0.06099907
1474869229,598.96,0.11200093
1474869229,598.96,0.172
1474869229,598.0,0.12899907
1474869232,598.0,0.278
1474869422,598.0,0.08866262
1474869437,598.0,1.5
1474869582,598.7,2.273
1474869884,598.48,3.21
1474869958,598.76,3.1454
1474869960,598.79,0.55124039
1474869976,598.8,0.0121518
1474870024,598.0,0.64744411
1474870025,598.0,0.09598879
1474870114,598.76,0.0592
1474870212,598.54,0.58776797
1474870213,598.54,0.84483242
1474870213,598.54,0.035
1474870213,598.54,0.04381555
1474870225,598.76,0.02343097
1474870330,598.75,0.0237
1474870334,598.75,0.0237
1474870344,598.75,0.01184
1474870388,598.75,0.76635134
1474870460,598.75,0.85798747
1474870549,598.0,0.07601121
1474870550,598.0,0.00626775
1474870685,598.0,0.16773225
1474870685,598.0,0.172
1474870685,598.0,0.173
1474870692,598.0,2.07
1474870751,597.51,0.406
1474870752,597.51,0.411
1474870753,597.51,0.24401642
1474870808,597.5,0.121326
1474870812,597.51,0.171
1474870812,597.51,0.17
1474870812,597.51,0.172
1474870813,597.51,0.165
1474870813,597.51,0.169
1474870813,597.51,0.172
1474870813,597.51,0.172
1474870813,597.51,0.408
1474870813,597.51,0.174
1474870814,597.51,0.342
1474870876,597.51,0.242
1474870876,597.51,0.172
1474870877,597.51,0.17
1474870877,597.51,0.169
1474870877,597.51,0.171
1474870877,597.51,0.1679
1474870877,597.51,0.173
1474870884,598.0,0.04595172
1474870890,598.0,0.73008361
1474870945,597.5,3.06480546
1474870945,597.5,5.0
1474870950,597.5,2.579
1474870959,596.96,3.30840348
1474870959,596.95,0.44059941
1474871030,597.15,0.05835219
1474871092,598.0,4.0
1474871302,598.0,0.01902463
1474871396,598.0,0.096
1474871408,598.0,0.12620779
1474871408,598.81,0.04270811
1474871412,596.99,0.02
1474871425,597.0,0.01983629
1474871527,597.01,0.09566551
1474871715,597.05,0.71961899
1474871758,597.05,0.05319283
1474871776,598.75,8.8150982
1474871942,597.54,0.069264
1474871957,597.56,0.0318885
1474871966,597.57,0.10753
1474872041,597.78,3.774
1474872043,597.78,3.4824151
1474872043,598.0,2.0175849
1474872071,598.0,0.08522231
1474872230,597.17,0.04853119
1474872312,598.0,0.19913753
1474872312,598.0,0.10778651
1474872326,597.17,0.12919989
1474872449,598.0,2.59026875
1474872552,598.3,3.55572
1474872552,598.3,0.14889128
1474872552,598.3,1.00385989
1474872682,598.29,0.46241114
1474872693,598.3,0.0339191
1474872711,598.3,2.90973125
1474872752,598.3,0.25266363
1474872760,597.17,0.04242
1474872792,598.3,0.13363708
1474872857,597.17,0.33983217
1474872886,598.3,0.0593
1474872891,598.3,0.0593
1474873153,598.3,0.10363002
1474873182,597.31,0.09564148
1474873183,597.31,0.75856286
1474873213,598.3,0.3225596
1474873214,598.3,0.4225254
1474873265,598.3,0.99426275
1474873265,598.3,0.163
1474873265,598.3,0.162
1474873265,598.3,0.162
1474873265,598.3,0.161
1474873265,598.3,0.166
1474873266,598.3,0.163
1474873266,598.3,0.02873725
1474873503,597.51,0.33
1474873573,598.3,0.1297746
1474873574,598.3,0.00248815
1474873574,598.3,0.162
1474873574,598.3,0.162
1474873574,598.3,0.05844796
1474873641,598.3,0.10255204
1474873641,598.4,0.89744796
1474873645,598.4,1.0
1474873651,598.4,0.78796654
1474873651,598.5,0.21203346
1474873656,598.5,1.0
1474873661,598.5,1.0
1474873666,598.5,1.0
1474873673,598.5,1.0
1474873687,598.5,1.0
1474873693,598.5,1.0
1474873693,598.5,0.18836389
1474873693,598.5,0.25428755
1474873694,598.5,0.162
1474873694,598.5,0.0217065
1474873700,598.5,0.1442935
1474873700,598.5,0.089
1474873700,598.5,0.163
1474873700,598.5,0.162
1474873700,598.5,0.161
1474873709,598.91,0.2807
1474873713,598.95,0.18
1474873717,598.95,0.82
1474873717,598.91,6.5e-06
1474873717,597.63,0.1799935
1474873722,597.63,0.069
1474873734,597.65,0.10227609
1474873794,598.66,1.0
1474873799,598.66,1.0
1474873806,598.66,1.0
1474873810,598.66,1.0
1474873818,598.66,1.0
1474873822,598.66,1.0
1474873822,598.0,0.05028295
1474873824,598.0,5.42709478
1474873828,598.66,1.0
1474873833,598.66,1.0
1474873837,598.66,1.0
1474873848,598.0,0.02262227
1474873855,597.7,0.02717773
1474873902,598.3,1.0
1474873908,598.3,1.0
1474873913,598.3,1.0
1474874053,598.3,0.1366741
1474874054,598.3,0.6225699
1474874064,598.3,0.08067
1474874180,597.7,8.0
1474874353,598.3,0.6660391
1474874394,598.3,0.74691626
1474874413,598.3,0.749948
1474874413,597.69,0.18607393
1474874448,597.63,0.0084
1474874495,598.3,0.00839044
1474874532,598.3,1.481811
1474874591,597.7,0.0878
1474874644,598.3,3.3528251
1474874644,598.3,0.163
1474874644,598.3,0.162
1474874644,598.3,0.161
1474874644,598.3,0.163
1474874644,598.3,0.162
1474874645,598.3,0.163
1474874645,598.3,0.166
1474874645,598.3,0.163
1474874645,598.3,0.162
1474874645,598.3,0.04715902
1474874692,597.7,0.90250116
1474874714,598.3,0.11384098
1474874714,598.66,1.62874781
1474874714,598.66,0.52540829
1474874714,598.98,0.22854635
1474874715,598.98,0.35
1474874715,598.98,0.08804813
1474874715,598.98,0.02893044
1474874793,598.98,0.805706
1474874833,598.98,2.963522
1474874861,598.97,5.00160275
1474875003,598.99,0.21947432
1474875067,598.99,0.78052568
1474875067,598.99,0.1
1474875068,599.0,0.20762821
1474875123,599.0,0.03130311
1474875124,599.0,0.01263475
1474875124,599.0,0.03
1474875126,599.1,0.04523846
1474875128,597.72,0.0696
1474875132,597.72,0.038
1474875134,599.11,0.1792525
1474875247,599.1,0.10043
1474875258,599.14,0.16534535
1474875532,599.44,0.6225606
1474875755,599.44,7.54395769
1474875894,599.45,0.79881558
1474876006,598.33,0.8997
1474876006,598.33,0.0188
1474876008,598.33,0.0209838
1474876028,599.14,0.1332076
1474876070,598.33,0.1322162
1474876070,598.33,0.1167838
1474876077,599.1,0.08582874
1474876081,599.1,0.246531
1474876082,599.1,0.04231755
1474876083,599.1,0.08632949
1474876084,599.1,0.39379069
1474876085,599.1,0.80675099
1474876086,599.1,0.161
1474876086,599.1,0.163
1474876086,599.1,0.0697907
1474876112,599.04,0.04977964
1474876118,599.04,0.04954594
1474876124,599.04,0.04473543
1474876124,599.04,0.04936231
1474876130,599.04,0.04939569
1474876138,599.04,0.04896167
1474876144,599.04,0.04957932
1474876150,599.04,0.04961271
1474876156,599.04,0.0148463
1474876156,599.04,0.02243
1474876162,599.04,0.04904513
1474876339,599.04,0.0085
1474876354,598.33,0.0552162
1474876354,598.33,0.09146062
1474876358,598.33,0.0084
1474876403,599.04,0.08302487
1474876403,599.04,0.162
1474876415,599.39,0.40863766
1474876416,599.04,0.20324
1474876424,599.04,7.49e-06
1474876424,599.04,0.04199251
1474876429,599.04,0.13000749
1474876430,598.14,0.04199251
1474876458,598.16,0.159
1474876458,598.16,0.159
1474876458,598.16,14.682
1474876523,598.17,0.12756426
1474876581,598.17,0.03243574
1474876582,598.17,0.16
1474876582,598.14,0.24246184
1474876607,599.44,0.00837448
1474876622,598.14,0.332
1474876633,599.4,0.09137
1474876637,599.4,2.6e-06
1474876637,598.14,0.0099974
1474876641,598.14,0.09137
1474876743,599.35,0.0088
1474876761,599.35,0.00832569
1474876777,598.15,1.7
1474876785,599.35,0.14287431
1474876785,599.35,0.159
1474876786,599.35,0.159
1474876786,599.35,0.16
1474876786,599.44,16.37912569
1474876820,599.45,2.55728442
1474876823,599.66,7.2612
1474876829,599.66,1.0
1474876834,598.19,0.01
1474876838,598.19,0.212
1474876864,599.95,2.0
1474876948,600.0,0.00836667
1474876974,599.11,0.101
1474876979,599.11,0.199
1474876985,599.11,0.15
1474876989,599.11,0.03
1474876995,599.11,0.01
1474877000,599.2,0.289
1474877010,599.3,0.01
1474877015,599.3,0.01
1474877019,599.3,0.082
1474877023,599.3,0.02
1474877028,599.3,0.03
1474877034,599.3,0.02
1474877039,600.0,0.09163333
1474877040,600.0,0.374
1474877045,600.0,0.22612401
1474877045,599.31,0.29287599
1474877049,599.31,0.028
1474877053,599.31,0.027
1474877060,599.31,0.117
1474877066,599.31,0.458
1474877073,599.31,0.9
1474877077,599.31,0.09
1474877198,599.34,0.02512799
1474877293,600.06,0.12518729
1474877294,600.52,0.02013256
1474877294,600.58,16.932
1474877294,600.59,0.1
1474877294,600.59,3.56
1474877295,600.66,2.98
1474877295,600.71,0.27
1474877295,600.71,2.9
1474877295,600.84,8.26
1474877296,600.87,2.89
1474877296,600.88,2.892938
1474877296,601.09,12.9
1474877296,601.1,3.0
1474877301,601.11,3.0
1474877302,601.22,8.2959
1474877302,601.49,3.008986
1474877302,601.76,3.368434
1474877302,601.91,0.32326566
1474877302,601.98,15.2999993
1474877302,601.98,43.57
1474877303,601.99,3.85624689
1474877339,599.43,0.26297556
1474877346,599.44,0.159
1474877346,599.44,0.173
1474877346,599.44,0.159
1474877347,599.43,0.159
1474877347,599.43,0.159
1474877347,599.37,0.13714361
1474877348,601.08,0.15703139
1474877400,600.01,0.0646
1474877404,600.0,0.0646
1474877410,600.0,0.0646
1474877414,600.0,0.01
1474877418,600.0,0.29
1474877421,600.0,0.39
1474877426,600.0,0.1808
1474877426,599.51,0.39
1474877450,600.98,0.078477
1474877471,599.61,1.0
1474877476,599.61,0.02
1474877480,599.61,1.0
1474877484,599.61,0.172
1474877485,599.61,0.147
1474877485,599.61,0.172
1474877485,599.51,0.509
1474877489,599.52,1.0
1474877613,599.41,0.7733678
1474877734,600.95,0.25451462
1474877738,600.95,4.04
1474877959,600.74,0.161
1474877960,600.74,0.163
1474877960,600.74,0.159
1474877960,600.74,0.159
1474877960,600.74,0.163
1474877960,600.74,0.1612093
1474877960,600.74,0.162
1474877961,600.74,0.166
1474877961,600.74,0.163
1474877961,600.74,0.159
1474877961,600.74,0.159
1474877961,600.74,0.163
1474877962,600.74,0.162
1474877962,600.74,0.161
1474877979,600.95,6.20548538
1474877979,600.95,0.17212799
1474877979,600.95,0.00018663
1474878009,600.75,0.03383592
1474878036,600.95,0.16881337
1474878036,600.95,0.172
1474878036,600.95,0.173
1474878037,600.95,0.167
1474878037,600.95,0.172
1474878037,600.95,0.406
1474878037,600.95,0.168
1474878038,600.95,0.171
1474878038,600.95,0.17
1474878038,600.98,5.09936674
1474878050,600.98,3.95415626
1474878054,601.15,7.0
1474878055,601.15,0.11
1474878144,601.15,3.39
1474878145,601.98,9.71633355
1474878228,601.98,0.03373228
1474878303,601.92,0.162
1474878303,601.92,0.162
1474878303,601.92,0.163
1474878306,601.92,6.513
1474878308,601.91,8.0
1474878310,601.91,0.25
1474878315,601.99,7.67
1474878317,601.9,0.93
1474878317,601.9,7.0
1474878321,601.8,0.31
1474878323,601.99,0.27
1474878324,601.78,0.171
1474878324,601.78,0.172
1474878328,601.89,0.01667616
1474878337,601.97,7.4836
1474878339,601.97,1.75130816
1474878340,601.97,4.20499184
1474878340,601.99,2.54500816
1474878343,601.99,6.9942
1474878346,601.99,0.33
1474878347,601.99,6.20817252
1474878348,602.0,1.42182748
1474878352,602.0,0.57817252
1474878353,602.0,4.0
1474878355,602.7,0.2
1474878357,602.99,49.99026804
1474878357,602.99,0.1
1474878358,603.0,0.1
1474878358,603.41,0.04
1474878359,603.5,0.1
1474878360,603.6,0.02002983
1474878360,603.7,0.3
1474878361,604.0,0.01045975
1474878361,604.0,0.01
1474878361,604.0,0.051
1474878362,604.01,0.088
1474878363,604.01,1.17
1474878363,604.01,0.386
1474878363,604.01,0.078
1474878363,604.01,0.078
1474878365,604.08,0.162441
1474878366,604.12,0.16655257
1474878366,604.3,0.014
1474878367,604.35,1.0
1474878368,604.6,2.06045283
1474878368,604.6,1.93954717
1474878369,604.68,0.09073934
1474878369,604.91,3.8
1474878370,605.0,0.1
1474878370,605.0,0.45
1474878371,605.0,0.5
1474878371,605.0,12.7542455
1474878403,604.98,0.0197
1474878428,604.78,1.7198
1474878428,605.0,48.2802
1474878479,605.0,8.631
1474878492,604.48,0.8639
1474878494,605.0,0.4946281
1474878539,605.0,1.0
1474878670,605.0,8.8399264
1474878670,605.0,0.02629712
1474878671,605.0,20.5
1474878671,605.0,0.162
1474878671,605.0,0.158
1474878671,605.0,0.15
1474878672,605.41,0.1
1474878673,605.75,0.08646792
1474878673,605.95,0.1
1474878674,605.99,1.60821135
1474878712,604.65,3.0
1474878728,604.68,0.5
1474878791,604.76,1.11594484
1474878819,604.76,2.0
1474878819,604.76,0.161
1474878820,604.76,0.162
1474878820,604.76,0.16
1474878820,604.76,0.163
1474878820,604.76,0.165
1474878820,604.76,0.162
1474878821,604.76,0.16
1474878821,604.76,0.16
1474878821,604.76,0.162
1474878822,604.76,0.162
1474878822,605.98,0.383
1474878922,604.67,0.04500377
1474879079,604.73,0.16999
1474879168,605.61,0.08179024
1474879189,605.5,0.06052807
1474879204,604.77,0.35
1474879267,605.5,0.32395305
1474879269,605.5,0.61070559
1474879335,605.21,0.02
1474879418,604.91,5.0
1474879716,605.01,2.978
1474879719,605.06,20.5
1474879731,605.03,20.5
1474879737,605.03,2.2767
1474879738,605.0,0.3843471
1474879823,605.44,0.01
1474879823,605.45,0.44374067
1474879875,604.8,0.07714229
1474880022,604.79,0.0662712
1474880052,605.04,2.29331515
1474880092,605.36,0.72635357
1474880101,604.67,0.0575
1474880102,604.66,1.8425
1474880114,605.36,0.7703084
1474880150,604.66,2.0
1474880239,605.45,0.33119168
1474880335,605.45,0.0329507
1474880343,605.45,0.056105
1474880471,605.45,0.31769
1474880550,604.67,0.6666
1474880552,604.67,1.8849
1474880589,605.45,3.28812195
1474880589,606.0,16.545
1474880589,606.0,0.01
1474880589,606.0,0.15687805
1474880617,606.0,20.0
1474880639,604.69,0.11111
1474880675,604.71,0.157
1474880675,604.71,0.158
1474880677,604.69,6.98253206
1474880711,604.68,8.5
1474880787,605.83,0.157
1474880787,605.83,0.158
1474880787,605.87,1.0738
1474881022,604.67,0.09142268
1474881127,605.52,3.410843
1474881129,605.64,6.91502685
1474881132,605.64,0.172
1474881137,605.64,0.1
1474881138,605.64,6.0
1474881141,605.64,0.15
1474881142,605.64,2.22241443
1474881143,605.64,0.025
1474881146,604.67,0.614
1474881153,604.67,0.115
1474881167,604.67,0.455
1474881203,604.67,0.102
1474881207,604.67,1.0
1474881213,604.67,0.552
1474881217,604.67,0.12
1474881222,604.67,0.375
1474881227,604.67,0.483
1474881231,604.67,0.067
1474881236,604.67,0.7
1474881241,604.67,0.134
1474881244,604.67,0.031
1474881251,604.67,0.297
1474881256,604.67,0.155
1474881261,604.67,0.029
1474881267,604.67,0.06
1474881272,604.67,0.312
1474881277,604.67,0.12
1474881282,604.67,0.42
1474881287,604.67,0.01
1474881291,604.67,0.015
1474881295,604.67,0.088
1474881300,604.67,0.035
1474881311,604.67,0.444
1474881317,604.67,0.21
1474881325,604.67,0.904
1474881462,604.67,1.00091791
1474881482,604.67,1.0
1474881487,604.67,0.901
1474881491,604.67,0.42
1474881517,604.67,0.658
1474881523,604.67,0.01
1474881528,604.67,0.01
1474881542,604.67,1.0
1474881547,604.67,0.1
1474881553,604.67,0.18
1474881558,604.67,0.03
1474881562,604.67,0.19
1474881567,604.67,0.2
1474881573,604.67,0.293
1474881577,604.67,0.047
1474881583,604.67,0.204
1474881587,604.67,1.0
1474881591,604.67,0.01
1474881598,604.67,0.225
1474881602,604.67,0.205
1474881606,604.67,0.129
1474881612,604.67,0.212
1474881616,604.67,1.0
1474881623,604.67,0.01
1474881635,604.67,0.218
1474881638,604.67,0.3
1474881643,604.67,0.02
1474881649,604.67,1.0
1474881653,604.67,0.759
1474881658,604.67,0.742
1474881663,604.67,0.266
1474881667,604.67,0.092
1474881674,604.67,0.1
1474881678,604.67,0.075
1474881683,604.67,0.377
1474881689,604.67,0.07
1474881694,604.67,0.061
1474881698,604.67,0.15
1474881703,604.67,0.01
1474881710,604.67,0.3
1474881714,604.67,0.283
1474881719,604.67,0.1
1474881744,604.67,0.363
1474881751,604.67,0.01
1474881755,604.67,0.218
1474881763,604.67,0.053
1474881766,604.67,0.01
1474881780,605.86,3.0
1474881835,604.67,1.0
1474881842,604.67,0.319
1474881844,604.67,0.02
1474881850,604.67,1.0
1474881855,604.67,0.03
1474881859,604.67,0.124
1474881864,604.67,0.07
1474881867,605.64,0.7091915
1474881877,604.67,1.0
1474881882,604.67,0.01
1474881888,604.67,0.538
1474881892,604.67,0.01
1474881899,604.67,1.0
1474881903,604.67,0.23
1474881908,604.67,0.02
1474881914,604.67,0.132
1474881918,604.67,1.0
1474881929,604.67,0.13
1474881934,604.67,0.06
1474881951,605.62,0.17114692
1474882014,604.67,0.0199
1474882085,604.67,2.0
1474882159,604.67,0.032
1474882231,604.67,0.09
1474882236,604.67,0.014
1474882241,604.67,0.314
1474882246,604.67,0.082
1474882249,604.67,0.047
1474882253,604.67,1.0
1474882258,604.67,0.404
1474882265,604.67,0.03
1474882266,605.6,0.05
1474882267,605.64,7.40761271
1474882268,604.67,0.835
1474882273,604.67,0.817
1474882277,604.67,1.0
1474882283,604.67,0.076
1474882287,604.67,0.074
1474882291,604.67,0.02
1474882298,604.67,0.48
1474882302,604.67,0.02
1474882307,604.67,1.0
1474882311,604.67,0.102
1474882316,604.67,1.0
1474882320,604.67,1.0
1474882324,604.67,0.241
1474882329,604.67,0.04676085
1474882329,604.66,0.09723915
1474882335,604.66,0.04676
1474882343,604.66,0.85600085
1474882343,604.06,0.03399915
1474882349,604.06,0.11
1474882492,605.64,0.14415534
1474882580,605.64,4.80462
1474882722,604.06,0.136
1474882727,604.07,0.027
1474882730,604.07,1.0
1474882730,604.07,0.1102607
1474882798,605.58,0.02452195
1474882864,605.57,1.295426
1474882892,605.53,0.12015127
1474882969,605.53,0.03974
1474883092,604.11,3.921
1474883114,604.1,2.0
1474883589,604.05,0.1
1474883591,605.45,0.04841027
1474883669,604.19,0.24086802
1474883735,605.45,0.082385
1474883762,604.19,0.1149225
1474883924,604.02,0.1
1474883959,604.03,0.09452245
1474884008,604.3,0.99489905
1474884065,605.42,0.1
1474884065,605.45,1.55170973
1474884074,605.6,0.34829
1474884078,605.6,2.7e-07
1474884078,604.31,0.10999973
1474884124,605.61,0.1
1474884124,605.64,0.55442959
1474884154,605.64,0.7
1474884189,605.64,0.23551945
1474884346,605.64,0.47682
1474884417,605.59,0.16218815
1474884588,605.5,0.025
1474884593,605.5,1.0
1474884600,604.03,0.01
1474884604,604.03,0.2
1474884605,604.03,0.03
1474884614,604.05,0.83202264
1474884622,605.59,0.39739
1474884690,605.57,0.27817
1474884695,605.57,1.49087636
1474884813,604.26,0.92
1474884968,604.22,5.0
1474885082,605.52,0.12494929
1474885190,605.2,0.6
1474885194,604.23,0.478
1474885201,604.24,0.01
1474885222,604.26,0.0199
1474885242,605.52,0.35
1474885245,605.52,16.45705071
1474885245,605.52,0.12494929
1474885245,605.53,5.82941697
1474885245,605.54,4.4848811
1474885245,605.55,5.10370193
1474885261,605.52,0.01
1474885261,605.52,0.26
1474885265,605.52,0.08
1474885265,604.28,0.249
1474885270,604.0,0.27
1474885285,605.55,0.14082049
1474885285,605.55,0.10917951
1474885285,605.53,0.03282049
1474885289,605.53,1.0
1474885293,604.5,0.09
1474885309,605.42,0.3
1474885313,605.42,0.077
1474885318,604.5,0.03
1474885321,605.56,0.01
1474885362,605.56,0.7054
1474885363,604.51,0.243
1474885380,605.56,0.01
1474885408,604.58,0.161
1474885420,604.57,0.09898
1474885420,604.5,0.05602
1474885425,604.5,0.027
1474885499,604.5,0.03
1474885503,604.5,1.0
1474885522,605.56,3.09809526
1474885543,604.5,0.199
1474885548,604.5,0.042
1474885664,605.5,1.124
1474885772,605.49,0.15898
1474885931,605.49,0.01202078
1474885961,605.49,0.53705042
1474886106,605.49,2.31663505
1474886106,605.49,0.1
1474886107,605.49,0.5
1474886108,605.5,1.96189401
1474886220,604.58,0.42802056
1474886292,605.05,0.1666
1474886292,605.5,0.9914
1474886302,605.5,0.27821
1474886309,604.57,0.07423
1474886314,604.57,5e-06
1474886314,604.5,0.074225
1474886327,604.5,0.177
1474886328,604.5,0.68
1474886333,604.5,0.12
1474886339,604.5,0.18
1474886349,604.5,0.3
1474886354,604.5,0.253
1474886359,604.5,0.371
1474886365,604.5,0.37
1474886371,604.5,0.201
1474886375,604.5,0.049
1474886381,604.5,0.24
1474886406,604.5,0.01
1474886411,604.5,0.138
1474886416,604.5,0.105
1474886422,604.5,0.01
1474886427,604.5,0.05
1474886432,604.5,0.58
1474886438,604.5,1.0
1474886441,604.5,1.0
1474886446,604.5,0.1
1474886451,604.5,0.916
1474886455,604.5,1.0
1474886461,604.5,0.06
1474886465,604.5,0.25
1474886471,604.5,0.1
1474886476,604.5,0.104
1474886481,604.5,0.083
1474886486,604.5,0.004755
1474886487,604.16,0.082995
1474886704,604.24,0.171
1474886704,604.24,0.039
1474886710,604.25,0.15
1474886992,605.5,0.1373
1474887000,604.21,0.01
1474887061,604.25,0.01
1474887172,604.28,2.59153632
1474887229,605.5,0.1379602
1474887240,605.5,0.01
1474887257,604.29,0.17
1474887258,604.28,0.929
1474887300,605.5,0.01
1474887388,605.5,3.79041933
1474887574,605.5,0.19873
1474887624,605.5,1.124
1474887702,604.51,0.635
1474887705,604.51,0.03
1474887708,604.51,0.284
1474887717,604.5,0.021
1474887721,604.5,0.021
1474887736,604.5,0.09
1474887774,605.5,0.08178486
1474888080,604.5,0.01
1474888110,604.5,0.046
1474888113,604.5,0.071
1474888117,604.5,0.4109239
1474888117,604.34,0.0490761
1474888117,605.5,0.18030867
1474888121,604.34,0.189
1474888124,604.34,0.034
1474888143,604.34,0.01
1474888200,605.5,0.01
1474888205,604.34,0.2
1474888261,605.5,0.01
1474888349,604.38,0.33
1474888349,604.2,0.01246276
1474888349,604.01,1.2380975
1474888514,605.49,0.162
1474888514,605.49,0.162
1474888514,605.49,0.16
1474888514,605.49,0.162
1474888514,605.49,0.165
1474888515,605.49,0.161
1474888515,605.49,0.162
1474888515,605.49,0.16
1474888515,605.49,0.162
1474888515,605.49,0.16
1474888515,605.49,0.171
1474888516,605.49,0.17
1474888516,605.49,3.4
1474888516,605.49,0.93
1474888516,605.5,6.45415359
1474888534,604.06,1.0
1474888537,604.06,0.09
1474888541,604.06,0.13
1474888550,604.07,0.06
1474888553,604.0,0.88
1474888555,604.0,1.0
1474888557,604.0,0.228
1474888559,604.0,0.016
1474888561,604.0,0.01
1474888562,604.0,0.02
1474888565,604.0,0.067
1474888566,604.0,0.54
1474888568,604.0,1.0
1474888570,604.0,1.0
1474888573,604.0,0.268
1474888576,604.0,1.0
1474888578,604.0,1.0
1474888580,603.99,1.0
1474888584,603.99,0.371
1474888586,603.99,0.03
1474888589,603.99,0.099
1474888589,603.99,0.267
1474888592,603.99,0.06
1474888593,603.99,0.03
1474888596,603.99,1.0
1474888598,603.99,0.12
1474888601,603.99,0.023
1474888601,603.27,0.071
1474888603,603.27,0.143
1474888605,603.27,0.04095
1474888605,603.27,0.143
1474888620,603.28,0.01
1474888655,604.91,0.162
1474888655,604.91,0.162
1474888656,604.91,0.163
1474888656,604.91,0.162
1474888656,604.91,0.16
1474888656,604.99,3.7077
1474888656,605.24,1.63572945
1474888690,603.27,0.20760906
1474888723,603.37,2.5
1474888800,604.91,0.01
1474888819,604.9,1.334204
1474888860,604.9,0.01
1474888874,604.89,3.0
1474888891,603.47,2.0
1474888897,603.47,1.2999
1474888897,604.92,0.7241
1474889006,604.45,0.091
1474889009,604.45,0.18
1474889011,603.41,0.16
1474889011,603.41,0.84
1474889021,604.92,0.16
1474889022,604.92,0.161
1474889022,604.92,0.152
1474889022,604.92,0.162
1474889022,604.92,0.165
1474889030,603.3,0.215
1474889035,603.41,0.172
1474889035,603.41,0.079
1474889036,605.0,0.1
1474889042,605.0,0.01
1474889044,605.0,0.017
1474889046,605.0,0.021
1474889049,603.3,0.527
1474889052,603.3,0.141
1474889059,605.15,0.172
1474889059,605.15,0.079
1474889066,605.15,0.2
1474889069,605.15,0.01
1474889072,603.42,0.06
1474889076,603.42,0.171
1474889076,603.42,0.12
1474889094,605.16,0.869
1474889096,605.16,1.861
1474889096,603.31,1.4168119
1474889098,603.41,0.04
1474889101,603.31,0.18
1474889103,603.28,0.5
1474889117,603.41,0.083
1474889139,605.13,0.148205
1474889139,605.14,0.083
1474889140,605.14,0.0815988
1474889160,603.3,0.01
1474889220,603.36,0.01
1474889280,605.11,0.01
1474889291,605.08,0.01
1474889293,605.08,0.06
1474889296,605.08,0.03
1474889296,603.42,0.07
1474889298,603.42,0.01
1474889300,603.42,0.082
1474889303,603.42,0.09
1474889305,603.42,0.09
1474889320,603.41,0.204
1474889322,603.41,0.42
1474889324,603.42,0.052
1474889337,605.1,0.935
1474889340,603.41,0.02
1474889341,605.11,0.01
1474889342,603.41,0.15
1474889386,605.06,0.4
1474889388,605.11,0.171
1474889388,605.2,0.45761731
1474889393,603.45,0.04
1474889396,603.46,0.064
1474889403,605.11,0.11
1474889403,605.2,0.65894349
1474889415,605.11,0.034
1474889417,605.11,0.04553
1474889417,603.36,0.03399
1474889419,603.36,0.05
1474889421,603.36,0.042
1474889423,603.36,0.04552
1474889425,603.47,0.04552
1474889449,605.33,0.03976
1474889464,605.35,0.22047385
1474889465,605.3,0.31122921
1474889466,605.3,0.05126046
1474889552,604.0,1.0
1474889554,604.0,0.171
1474889554,604.0,0.149
1474889557,604.0,0.022
1474889557,604.0,0.158
1474889557,604.0,0.02
1474889560,604.0,0.06
1474889562,604.0,0.039
1474889562,604.0,0.145
1474889562,604.0,0.158
1474889563,604.0,0.171
1474889563,604.0,0.158
1474889563,603.41,0.384
1474889564,603.41,0.329
1474889565,603.41,0.082
1474889566,605.37,0.188516
1474889567,603.41,0.18
1474889568,605.37,0.06429125
1474889569,605.37,0.43721499
1474889569,605.37,0.055865
1474889570,603.41,0.3
1474889574,605.27,0.16480248
1474889631,605.15,0.216145
1474889631,605.15,0.469679
1474889632,605.15,0.06428052
1474889656,603.3,0.04288983
1474889701,603.3,0.28757376
1474889739,604.97,0.4545
1474889763,605.02,0.03978
1474889824,603.3,0.46206544
1474889908,603.23,0.042
1474889969,604.99,0.18809468
1474890030,604.98,0.07089491
1474890461,603.04,0.10771527
1474890500,603.04,0.06588
1474890509,603.04,0.06731838
1474890645,604.73,0.171
1474890645,604.73,0.10010509
1474890647,604.85,1.37829213
1474890649,603.11,0.27
1474890651,603.11,1.0
1474890653,603.11,0.18
1474890703,604.84,0.11101357
1474890739,604.83,0.42333229
1474890788,604.84,0.10866205
1474890836,604.83,0.25
1474890962,603.08,0.01
1474890965,603.09,1.0
1474891097,604.84,1.271
1474891231,604.84,0.474165
1474891276,603.63,4.2
1474891308,603.62,0.028
1474891369,603.62,0.08406127
1474891515,603.63,0.01145
1474891556,604.0,0.2559
1474891556,604.0,0.171
1474891556,604.0,0.17167616
1474891557,604.84,0.39614384
1474891580,603.64,0.13943697
1474891607,603.64,0.015
1474891619,604.84,1.0
1474891653,604.0,0.594
1474891656,604.0,0.01
1474891658,604.0,0.168
1474891661,604.0,0.46
1474891662,604.79,0.55753237
1474891665,604.0,0.373
1474891667,604.0,0.895
1474891667,603.65,0.105
1474891670,603.62,0.04
1474891673,603.63,0.03
1474891675,603.63,0.06
1474891690,604.75,0.43741
1474891700,603.64,0.19
1474891710,604.75,0.29821
1474891788,603.64,0.04149841
1474891834,604.74,0.0199
1474891837,603.64,0.018
1474891840,603.64,0.01
1474891841,603.65,0.0199
1474891843,603.65,0.0199
1474891869,603.65,0.656
1474891874,603.66,0.08406127
1474891882,604.11,0.02
1474891884,604.11,0.15
1474891885,604.75,0.99402
1474891887,604.11,0.46
1474891889,604.11,0.114
1474891892,604.11,0.026
1474891895,604.11,0.03
1474891897,604.11,0.02
1474891899,604.11,0.02
1474891901,604.11,0.426
1474891903,604.11,0.353
1474891906,604.11,0.187
1474891909,604.11,0.18
1474891912,604.11,0.014
1474891912,603.67,0.016
1474891914,603.67,0.06
1474891916,604.12,0.194
1474891919,604.12,0.338
1474891921,604.12,0.46
1474891923,604.12,1.0
1474891926,604.12,0.29
1474891928,604.12,0.063
1474891930,604.12,0.045
1474891930,603.66,0.955
1474891933,603.67,0.06
1474891935,603.67,0.02
1474891960,603.67,0.50859354
1474891969,603.69,0.045
1474891987,604.74,0.19881
1474892089,603.49,0.1
1474892150,604.75,0.71569
1474892329,604.75,0.08248036
1474892335,604.75,2.69103935
1474892346,604.0,0.30896
1474892349,604.0,0.30896
1474892359,605.0,0.09090909
1474892368,605.0,0.06709091
1474892368,605.0,0.12935599
1474892411,604.0,1.5569
1474892413,604.0,0.9845
1474892463,604.6,0.00861561
1474892578,604.6,0.05207974
1474892645,604.6,0.1
1474892665,604.6,0.83930465
1474892665,605.0,0.00754615
1474892670,605.0,0.02109786
1474892671,605.0,0.158
1474892671,605.0,0.02698344
1474892916,604.99,0.537
1474892916,604.0,0.032528
1474893033,604.98,0.119483
1474893056,604.98,0.16372705
1474893066,604.98,9.47383631
1474893067,604.98,0.18194785
1474893120,604.99,0.59667
1474893138,604.99,0.27705516
1474893156,604.99,0.29616592
1474893183,604.0,0.9489157
1474893213,604.99,0.11934
1474893236,604.0,0.0824
1474893349,604.05,0.01659307
1474893431,604.5,0.927
1474893437,604.5,0.073
1474893437,604.0,0.017
1474893441,604.99,0.021
1474893445,604.0,0.04147024
1474893526,604.99,0.053
1474893555,604.99,0.152
1474893579,604.99,0.113
1474893614,604.0,0.025
1474893713,604.99,0.76
1474893742,604.99,0.079
1474893790,604.99,0.079
1474893821,604.0,0.0083
1474893867,604.98,0.57075203
1474893913,604.98,0.21670217
1474894016,604.98,0.13635
1474894088,604.0,6.498
1474894093,604.97,0.11934
1474894117,604.92,0.02473
1474894119,604.92,5.4e-07
1474894119,604.0,0.02472946
1474894160,604.0,0.4093366
1474894160,604.0,2.5906634
1474894172,604.0,0.1383366
1474894172,603.45,0.20083846
1474894251,603.51,0.089
1474894361,603.49,0.02726
1474894363,603.49,0.02759
1474894389,603.51,0.88
1474894606,603.77,0.6795517
1474894696,603.77,0.99633967
1474894716,603.77,0.09410863
1474894739,604.9,0.28589498
1474894772,603.68,0.2491
1474894781,603.68,0.657
1474894907,604.79,0.15912
1474894923,604.79,0.84088
1474894923,604.8,0.15912
1474894942,604.8,0.04151
1474895063,603.55,16.93
1474895107,604.0,2.735
1474895109,604.0,0.03930464
1474895125,604.0,0.87294983
1474895140,603.47,0.16610602
1474895140,603.47,0.33194915
1474895220,603.47,0.01796232
1474895235,604.0,0.1108612
1474895237,603.47,0.2041173
1474895432,603.52,0.63
1474895432,603.52,0.23876788
1474895436,604.0,6.24188433
1474895436,604.74,16.932
1474895436,604.75,1.0
1474895437,604.77,1.0
1474895437,604.79,1.0
1474895437,604.8,4.49927
1474895437,604.97,9.0
1474895437,604.98,9.0761958
1474895437,604.99,1.25064987
1474895448,603.5,0.11072078
1474895449,603.49,0.23731203
1474895460,603.73,0.04150803
1474895494,603.75,3.3011
1474895494,603.75,0.17
1474895494,603.75,0.17
1474895494,603.75,0.171
1474895495,603.48,1.1879
1474895559,604.97,0.65986743
1474895575,604.96,0.03282862
1474895616,604.96,0.009
1474895822,604.95,0.69613675
1474895829,604.07,3.00077996
1474895842,604.95,0.17
1474895842,604.95,0.171
1474895843,604.95,0.161
1474895843,604.96,0.246524
1474895861,604.95,0.33361007
1474895864,603.77,0.72179886
1474895895,604.96,0.26771301
1474895924,604.96,0.24901255
1474895936,603.78,0.0406
1474895936,603.73,16.932
1474895936,603.72,3.56
1474895936,603.58,0.15
1474895936,603.51,8.49
1474895937,603.5,0.8274
1474895965,604.95,0.17784374
1474896001,603.76,0.01580002
1474896001,604.94,0.1
1474896001,604.95,0.04683415
1474896037,604.74,3.0
1474896040,604.7,0.09945872
1474896055,604.69,1.0
1474896060,604.67,0.08473166
1474896121,604.44,1.1
1474896123,604.67,0.045785
1474896138,603.47,0.00834
1474896142,604.67,0.01651123
1474896220,603.51,0.06282653
1474896246,603.51,3.23717347
1474896246,603.5,9.76282653
1474896267,603.5,0.23717347
1474896269,603.5,0.22282653
1474896338,604.51,0.2371553
1474896353,604.46,0.25867014
1474896357,603.53,3.0
1474896358,603.51,0.1
1474896358,603.5,0.1
1474896358,603.47,2.77329612
1474896358,603.44,0.25
1474896358,603.35,3.604785
1474896358,603.34,1.29
1474896358,603.33,0.47
1474896359,603.32,0.158
1474896359,603.32,0.158
1474896359,603.32,0.158
1474896359,603.17,1.2328487
1474896365,603.18,3.0
1474896365,603.17,9.0
1474896366,603.17,0.31299711
1474896456,604.29,0.303
1474896478,603.2,2.8
1474896478,603.19,3.0
1474896478,603.16,7.50010958
1474896491,603.11,0.00834
1474896675,603.78,0.0294702
1474896688,603.2,0.02
1474896688,603.19,0.02
1474896688,603.18,0.02
1474896688,603.17,0.02
1474896688,603.16,3.0
1474896688,603.14,3.4639
1474896688,603.0,0.1
1474896689,602.98,0.138572
1474896689,602.95,0.34
1474896689,602.82,6.18314098
1474896704,603.78,0.78689729
1474896704,603.78,0.21310271
1474897002,603.78,0.09957
1474897043,603.78,0.5968252
1474897045,603.78,0.13635
1474897137,603.78,0.2270564
1474897151,603.78,0.63365148
1474897204,603.78,0.02065322
1474897259,603.39,0.1
1474897259,603.4,7.935
1474897367,603.38,0.09069186
1474897383,603.07,0.009
1474897383,603.06,0.009
1474897383,603.05,0.009
1474897383,603.0,0.02
1474897384,602.99,0.02
1474897384,602.92,0.00138878
1474897402,603.35,1.56321218
1474897402,603.37,0.1
1474897402,603.4,8.33678782
1474897410,603.4,0.202
1474897516,603.25,0.91123165
1474897559,603.25,8.035
1474897639,603.0,0.009
1474897646,602.96,3.61705622
1474897673,602.95,0.1
1474897673,602.95,0.1
1474897673,602.92,0.1
1474897673,602.88,1.07257873
1474897673,602.87,4.6
1474897673,602.86,7.33633195
1474897678,603.0,0.009
1474897695,603.0,0.03
1474897715,603.0,0.03
1474897727,603.0,0.228134
1474897731,603.02,0.1
1474897792,602.85,3.8
1474897792,602.84,4.61
1474897792,602.78,3.3658
1474897792,602.75,2.45737713
1474897798,602.75,3.418
1474897802,602.75,2.87546415
1474897803,603.25,2.677
1474897808,602.55,0.01
1474897810,603.23,1.07753262
1474897810,603.25,1.79746738
1474897813,603.25,0.313096
1474897885,602.9,7.913
1474897926,602.9,0.07951544
1474897930,602.9,8.037
1474897932,602.9,0.035
1474897936,602.9,0.01996
1474897939,602.9,0.53668259
1474897952,602.9,4.502
1474897992,602.9,0.110563
1474898002,602.9,0.01996
1474898003,602.9,0.274552
1474898052,602.9,8.037
1474898077,602.9,0.19947
1474898163,602.9,3.13529697
1474898219,602.92,1.07782928
1474898219,602.9,0.10463072
1474898254,603.23,0.1
1474898254,603.25,2.306
1474898255,602.87,0.2627
1474898256,602.9,0.2627
1474898284,603.24,0.1
1474898284,603.25,0.13907
1474898325,602.92,0.1
1474898342,602.92,1.1719
1474898353,602.93,0.1
1474898353,603.25,4.321
1474898432,603.25,0.00013497
1474898433,603.39,0.2
1474898433,603.92,0.62597695
1474898444,603.25,0.01
1474898464,603.96,1.07623021
1474898464,603.98,0.92376979
1474898603,603.25,1.93048801
1474898605,603.4,1.70689426
1474898655,603.4,8.037
1474898737,603.4,0.38700296
1474898746,603.4,1.0
1474898783,603.4,0.799959
1474898873,603.0,0.03
1474898874,602.91,0.001
1474898883,603.4,1.124
1474898898,603.4,6.74914378
1474898898,603.95,0.2
1474898898,603.96,0.2
1474898898,603.97,0.2
1474898898,603.98,6.14836572
1474898908,602.91,0.01
1474898952,603.98,0.07
1474898952,603.98,0.12555186
1474898962,603.99,0.0083114
1474898997,603.0,0.03
1474898998,602.91,0.089
1474898998,602.89,0.0894714
1474898999,602.89,0.07
1474899043,603.0,0.01575313
1474899063,603.0,0.18506427
1474899063,603.1,2.98493573
1474899076,603.1,0.082618
1474899093,603.1,0.1032715
1474899163,603.0,0.01
1474899165,602.82,0.02089238
1474899196,603.1,0.00832366
1474899221,603.1,0.68646991
1474899249,603.1,1.755
1474899345,603.1,0.03602061
1474899364,603.1,1.34336059
1474899364,603.23,0.1
1474899365,603.24,0.1
1474899365,603.25,1.55963941
1474899383,603.25,0.50894577
1474899452,603.25,0.206544
1474899452,602.82,0.07910762
1474899452,602.77,1.62131759
1474899476,603.25,0.00832159
1474899513,603.25,0.080017
1474899537,603.0,0.01
1474899538,602.63,0.05851699
1474899543,603.25,0.00832159
1474899573,603.0,0.01
1474899573,602.63,0.86086327
1474899573,602.63,4.60589164
1474899590,602.55,0.05
1474899596,603.23,0.00832187
1474899606,603.95,0.0203018
1474899609,603.95,0.505
1474899611,603.95,0.00831195
1474899620,602.8,0.01
1474899623,602.8,2.332
1474899629,602.8,8.042
1474899665,602.8,33.6
1474899668,602.8,7.8031916
1474899751,602.8,20.06003122
1474899758,603.77,0.00831442
1474899905,602.8,0.6197
1474899905,603.73,0.306
1474899936,603.73,0.1032715
1474899937,603.73,0.65162483
1474899937,603.74,0.1
1474899938,603.77,0.37237517
1474900059,603.77,4.01119483
1474900076,603.98,0.185
1474900083,603.98,0.185
1474900132,603.77,0.08310971
1474900189,603.77,1.27417127
1474900189,602.92,1.07812677
1474900189,602.92,1.65001291
1474900189,602.9,10.0
1474900191,602.9,4.63
1474900198,602.9,1.867
1474900263,602.8,0.5
1474900307,602.9,0.00068905
1474900308,603.88,0.0080141
1474900327,603.9,0.99611
1474900338,603.96,0.30930999
1474900340,603.95,0.101
1474900399,603.95,0.55533604
1474900458,603.0,1.00563783
1474900458,602.98,6.0
1474900458,602.85,4.61
1474900458,602.8,3.82026878
1474900458,602.6,1.41412178
1474900459,603.98,0.59742
1474900564,603.9,0.122909
1474900632,603.04,2.3
1474900632,603.04,4.42
1474900632,603.0,5.0
1474900632,602.79,1.59023711
1474900658,603.0,5.0
1474900658,602.79,3.38976289
1474900658,602.65,16.932
1474900658,602.64,4.74
1474900658,602.62,18.69
1474900659,602.6,1.24823711
1474900699,602.61,4.07
1474900699,602.61,0.171
1474900699,602.61,0.157
1474900699,602.61,0.172
1474900699,602.61,0.171
1474900700,602.61,4.34
1474900700,602.6,2.33764111
1474900700,602.6,5.0
1474900700,602.51,3.58135889
1474900703,603.79,0.5809
1474900741,603.78,0.11483251
1474900794,603.79,0.73137152
1474900824,603.85,0.82020781
1474900899,603.85,0.19181893
1474900899,603.89,1.0
1474900899,603.97,0.95332121
1474900900,603.99,0.9916886
1474900900,603.99,1.0
1474900900,604.0,1.0
1474900900,604.37,16.932
1474900900,604.38,5.0
1474900900,604.4,10.0
1474900900,604.7,12.93117126
1474900945,604.69,0.43006009
1474900960,604.69,0.53497653
1474900963,603.52,0.40719205
1474900978,604.69,0.1414
1474900992,604.67,0.0505
1474901025,604.63,0.02420107
1474901122,603.6,0.0492
1474901274,603.8,1.0
1474901348,603.94,0.0557384
1474901404,603.98,0.08380618
1474901410,604.42,0.08395506
1474901433,604.49,10.0
1474901441,604.46,3.2
1474901443,604.5,0.99385943
1474901450,604.49,0.19789847
1474901454,604.5,9.50614057
1474901476,604.5,0.49385943
1474901476,604.49,6.60210153
1474901477,604.42,0.31957123
1474901477,604.0,3.08446781
1474901520,604.54,0.01
1474901521,604.69,1.0
1474901532,604.54,0.0083
1474901556,604.57,0.00833
1474901578,604.7,0.16665
1474901580,604.59,0.01
1474901597,604.6,0.01
1474901602,604.61,0.01
1474901640,604.7,0.01
1474901650,604.65,0.00833
1474901658,604.67,0.04856214
1474901660,604.67,7.0
1474901678,604.7,1.124
1474901693,604.69,0.00833
1474901695,604.7,0.76817874
1474901695,604.9,0.44182126
1474901700,604.9,0.01
1474901702,604.71,0.00833
1474901704,604.71,8.18897
1474901705,604.7,4.95
1474901705,604.5,7.36103
1474901745,604.89,0.52427798
1474901754,604.9,0.11544056
1474901756,604.71,0.03314108
1474901759,604.71,0.00833
1474901788,604.71,0.1
1474901796,604.89,1.0
1474901796,604.9,15.51130045
1474901857,604.96,0.10982544
1474901869,604.96,1.0
1474901869,604.95,0.11754806
1474901904,604.96,0.2121
1474901912,604.95,3.0
1474901926,604.96,0.11696641
1474901933,604.95,0.11696641
1474901935,604.95,0.25418508
1474901942,604.96,0.11640439
1474901945,604.52,0.58618003
1474901947,604.51,0.22381997
1474901948,604.51,0.1
1474902071,604.95,1.0
1474902071,604.96,0.124
1474902090,604.96,0.2615
1474902092,604.51,0.10774058
1474902107,604.95,0.19889
1474902194,604.95,0.17799682
1474902213,604.95,0.2
1474902258,604.52,0.0492
1474902305,604.95,0.42311318
1474902309,604.95,0.33146607
1474902310,604.95,0.48938134
1474902324,604.51,0.08156355
1474902347,604.51,2.0
1474902380,604.96,1.0
1474902385,604.96,0.78880753
1474902399,604.96,0.78994667
1474902399,604.99,0.62846301
1474902425,604.99,0.06508746
1474902436,604.99,0.19851675
1474902445,604.99,0.08623262
1474902449,604.99,0.7
1474902465,604.99,0.09112244
1474902478,604.99,0.29986487
1474902490,604.99,0.03253242
1474902512,604.55,0.10067473
1474902539,604.56,0.96
1474902539,604.55,0.06132527
1474902539,604.5,2.63897
1474902540,603.85,1.5656897
1474902540,603.85,0.172
1474902566,603.78,3.0
1474902567,603.77,10.0
1474902567,603.55,10.0
1474902567,603.5,2.0
1474902572,603.51,0.08287736
1474902585,603.85,0.12796262
1474902591,603.5,3.0
1474902591,603.3,16.932
1474902592,603.29,0.068
1474902596,603.31,0.12909168
1474902667,603.85,0.19927
1474902689,603.85,0.4
1474902693,603.41,1.336
1474902698,603.85,0.32546162
1474902703,603.4,1.0
1474902719,603.41,1.0
1474902735,603.41,0.01077493
1474902747,603.4,1.0
1474902752,603.41,0.98922507
1474902752,603.85,0.59080292
1474902762,603.85,0.2505356
1474902772,603.85,9.19
1474902774,603.85,0.25528172
1474902788,603.85,0.06090578
1474902798,603.85,0.78960884
1474902808,603.85,0.24421847
1474902819,603.85,0.11238548
1474902857,604.77,1.57827213
1474902869,604.74,0.16270847
1474902878,603.73,0.14548926
1474902880,604.72,0.05274397
1474902888,604.88,0.02192022
1474902900,604.85,0.09111674
1474902922,604.79,0.78870454
1474902931,604.74,0.11938
1474902963,604.7,1.0
1474902963,604.82,0.02732494
1474902972,604.77,0.06834763
1474902982,604.74,1.00637005
1474902983,604.76,0.57204929
1474902993,603.73,0.0883485
1474902998,604.75,0.17900569
1474903020,603.82,0.02445778
1474903075,604.75,0.01209853
1474903077,603.94,0.08458834
1474903105,603.97,0.172
1474903105,603.97,0.171
1474903105,603.74,1.07456637
1474903105,603.72,0.48783363
1474903132,604.68,0.16380395
1474903227,603.72,0.17034363
1474903270,603.72,1.0
1474903366,603.96,1.247616
1474903367,603.73,0.15870585
1474903429,603.96,0.076356
1474903468,603.96,2.878768
1474903468,604.6,0.151232
1474903476,604.56,0.0655122
1474903488,604.54,0.03746154
1474903498,604.53,0.02982037
1474903505,603.73,0.06
1474903509,604.56,0.22629543
1474903511,603.73,0.112
1474903511,603.73,0.171
1474903512,603.73,0.172
1474903512,603.73,0.032
1474903558,603.73,0.04404504
1474903575,604.57,0.18273327
1474903624,603.74,5.47384048
1474903631,604.56,0.0797949
1474903752,604.59,0.0857112
1474903888,604.55,0.92521
1474903964,604.51,0.74276687
1474904003,604.54,0.01998
1474904013,603.74,0.45632334
1474904023,604.55,0.07479
1474904024,604.56,0.00021503
1474904062,603.74,0.32571513
1474904062,603.74,0.171
1474904062,603.72,8.34182274
1474904062,603.45,10.0
1474904062,603.4,3.0
1474904062,603.28,10.0
1474904064,603.0,2.1533889
1474904077,604.5,0.01998
1474904133,603.12,0.07247409
1474904147,604.36,0.22695484
1474904254,603.11,0.23384556
1474904585,604.28,0.053169
1474904605,604.28,0.49521745
1474904625,604.28,0.52686458
1474904625,604.3,1.87313542
1474904657,604.3,0.053169
1474904662,603.88,0.97012936
1474904716,604.3,0.03993
1474904756,604.3,0.2
1474904771,604.3,0.053169
1474904824,604.3,0.0599
1474904859,604.3,0.12379613
1474904894,604.3,0.093526
1474904956,604.3,0.00843853
1474904985,604.3,0.03204588
1474905107,604.3,0.46289004
1474905127,604.3,0.53710996
1474905127,604.3,0.172
1474905127,604.3,0.172
1474905127,604.3,0.11889004
1474905129,604.3,0.028
1474905132,604.3,0.02410996
1474905132,604.3,0.02589004
1474905139,604.3,0.1451
1474905145,604.3,9.96e-06
1474905145,603.88,0.14509004
1474905158,603.88,0.32628887
1474905166,603.88,0.364
1474905170,603.88,0.181
1474905172,603.88,0.192
1474905174,603.88,0.18
1474905177,603.88,0.64149173
1474905177,603.57,0.29850827
1474905179,603.58,0.21
1474905187,603.61,0.53
1474905366,603.7,0.12112519
1474905426,604.39,0.1
1474905426,604.4,3.0
1474905436,604.47,0.3
1474905439,604.47,0.01
1474905443,604.47,0.047
1474905448,604.47,0.47332536
1474905449,604.44,0.04699464
1474905450,604.44,0.01
1474905453,604.44,0.017
1474905455,604.44,0.02600536
1474905455,604.43,0.1
1474905456,603.7,0.34731464
1474905457,603.7,0.47332
1474905460,603.7,0.026
1474905462,603.7,0.026
1474905490,604.6,0.2828
1474905524,604.6,0.565968
1474905525,604.74,1.90839038
1474905592,604.71,0.07497809
1474905648,603.76,0.0766062
1474905665,604.7,0.0414929
1474905669,604.7,0.03
1474905671,604.7,0.4600641
1474905671,604.7,0.0714859
1474905674,604.7,0.53155
1474905676,604.7,0.601
1474905678,604.7,0.01
1474905680,604.7,0.011
1474905682,604.7,0.01
1474905684,604.7,0.072
1474905687,604.7,0.6929641
1474905687,603.7,0.00624017
1474905687,603.62,0.08199475
1474905687,603.62,0.00476098
1474905689,603.64,0.561
1474905691,603.57,0.513
1474905694,603.57,0.04895909
1474905694,603.57,0.143
1474905715,604.66,0.1198
1474905831,604.6,0.03994
1474905833,603.57,0.03994
1474905835,603.57,0.03994
1474905837,603.57,0.03994
1474905838,603.57,0.03994
1474905841,603.57,0.03994
1474905902,603.58,0.0316
1474905902,603.57,0.0894631
1474905902,603.57,0.04494978
1474905903,604.63,0.043879
1474905908,604.63,0.052015
1474905951,604.62,0.1515
1474905966,604.62,0.14977
1474905969,603.57,0.14976
1474905971,603.57,0.01
1474905973,603.57,0.14976
1474906053,604.71,0.03635109
1474906071,604.69,0.0619635
1474906156,604.59,0.29952
1474906172,604.59,0.35924
1474906190,603.64,0.06525514
1474906194,604.57,0.06525514
1474906196,604.58,0.1
1474906196,604.63,0.41595768
1474906197,604.64,1.98054448
1474906223,603.69,0.03426007
1474906230,604.59,0.00999
1474906342,603.77,0.01
1474906345,603.77,0.197
1474906348,603.77,0.092
1474906350,603.77,0.037
1474906352,603.77,0.01
1474906354,603.77,0.615
1474906357,603.77,0.11458573
1474906357,603.77,0.03541427
1474906358,603.77,0.10086165
1474906367,603.77,0.018
1474906369,603.77,0.01
1474906372,603.77,0.00772408
1474906372,603.77,0.00227592
1474906374,603.77,0.13
1474906377,603.77,0.03972408
1474906377,603.77,0.172
1474906377,603.76,0.1
1474906377,603.75,0.03999592
1474906379,603.75,0.35172
1474906381,603.75,0.33
1474906384,603.75,0.99
1474906386,603.75,0.06
1474906388,603.75,0.06
1474906391,603.75,0.35
1474906392,603.75,0.23
1474906395,603.75,0.333
1474906398,603.75,0.116
1474906502,604.52,0.1
1474906519,603.75,0.023
1474906543,603.75,0.071
1474906558,603.75,0.04528408
1474906558,603.75,0.00171592
1474906561,603.75,0.102
1474906566,604.52,0.07985
1474906570,603.75,0.032
1474906605,604.52,0.02015
1474906605,604.53,0.415665
1474906617,604.52,0.01996
1474906620,604.52,1e-05
1474906620,603.62,0.01995
1474906622,603.63,0.01996
1474906643,603.63,1.0
1474906645,603.62,0.033
1474906647,603.62,0.184
1474906649,603.62,0.03
1474906652,603.63,0.45
1474906654,603.63,0.113
1474906656,603.63,0.665
1474906658,603.62,0.06
1474906676,603.63,0.055
1474906679,603.63,0.383
1474906682,603.62,0.01
1474906685,603.62,1.0
1474906716,603.63,0.037
1474906718,603.62,0.23
1474906721,603.62,0.16
1474906724,603.62,0.242
1474906727,603.62,0.045
1474906730,603.62,0.1
1474906741,603.63,0.027
1474906803,604.53,0.032988
1474906937,604.52,0.04125587
1474906952,604.53,0.51712
1474907149,604.51,0.02419782
1474907206,603.71,1.65985379
1474907221,604.52,0.16665
1474907245,604.52,0.33325
1474907245,604.53,0.10928241
1474907245,604.55,0.06867709
1474907267,604.55,1.65000414
1474907275,603.96,1.0
1474907277,603.97,0.02419782
1474907277,603.76,0.35580218
1474907280,603.96,0.172
1474907280,603.96,0.168
1474907282,603.99,0.545
1474907284,603.98,0.03
1474907285,604.53,0.1
1474907285,604.55,1.28131877
1474907285,604.65,1.89562277
1474907287,603.98,0.066
1474907289,603.67,0.1
1474907292,603.67,0.1
1474907295,603.68,0.1
1474907298,603.67,0.08
1474907321,603.67,0.03163094
1474907366,603.99,0.04979561
1474907368,604.61,0.02419421
1474907416,604.6,0.08238368
1474907417,604.6,0.668
1474907418,604.65,0.101
1474907419,604.62,0.3
1474907422,604.63,0.898
1474907424,604.62,0.42048236
1474907425,604.6,0.03451764
1474907427,604.63,0.092
1474907430,604.64,0.171
1474907432,604.65,0.03992
1474907433,604.64,0.087
1474907436,604.61,0.07
1474907438,604.61,0.01
1474907441,604.61,1.0
1474907444,604.61,0.062
1474907447,604.61,0.109
1474907447,604.6,0.891
1474907449,604.65,0.37942614
1474907449,604.61,0.929
1474907451,604.6,0.405
1474907454,604.6,1.0
1474907456,604.61,1.0
1474907459,604.6,1.0
1474907462,604.6,0.46
1474907465,604.61,0.01
1474907467,604.61,0.01
1474907470,604.61,1.0
1474907472,604.6,0.06
1474907474,604.6,0.01
1474907477,604.6,0.3
1474907479,604.61,0.2
1474907482,604.61,0.186
1474907485,604.61,0.3
1474907488,604.61,0.01
1474907490,604.61,0.3
1474907492,604.61,0.386
1474907495,604.61,0.09
1474907497,604.61,1.0
1474907500,604.6,0.25768585
1474907500,604.57,0.1
1474907500,603.95,0.64231415
1474907503,603.95,0.084
1474907510,603.96,0.32633483
1474907532,604.6,0.1
1474907532,604.6,0.1
1474907532,604.65,0.04225437
1474907560,604.61,0.01
1474907562,604.61,0.18
1474907565,604.61,0.276
1474907566,604.61,0.011
1474907569,604.61,0.25
1474907571,604.61,0.881
1474907574,604.6,0.592
1474907576,604.6,1.0
1474907578,604.6,0.224
1474907580,604.61,0.244
1474907582,604.61,1.0
1474907582,604.61,0.05800552
1474907585,604.6,0.438
1474907587,604.6,0.02
1474907589,604.61,0.044
1474907591,604.61,0.049
1474907594,604.61,0.101
1474907597,604.61,0.03
1474907599,604.61,0.866
1474907601,604.6,0.395
1474907603,604.6,0.264
1474907606,604.6,0.21
1474907608,604.61,0.355
1474907610,604.61,0.01
1474907612,604.61,0.69
1474907614,604.6,0.03981604
1474907614,604.6,0.047
1474907618,604.6,0.436
1474907620,604.61,0.3
1474907622,604.61,0.283
1474907626,604.61,0.226
1474907628,604.61,0.54
1474907630,604.6,0.33418396
1474907630,604.58,0.1
1474907631,604.57,0.06881604
1474907631,604.57,0.03118396
1474907633,603.92,0.26
1474907635,603.93,0.21
1474907646,603.93,0.04844813
1474907662,604.64,0.93804
1474907712,604.64,0.06196
1474907712,604.65,0.230472
1474907734,604.64,0.0750212
1474907736,603.96,0.21869023
1474907780,604.64,0.1617
1474907879,603.8,13.29468674
1474907885,603.67,0.0083
1474907983,604.64,0.7632788
1474907983,604.65,0.1947212
1474908015,604.65,0.11658352
1474908015,604.66,0.06881604
1474908015,604.67,0.1
1474908015,604.87,0.65460044
1474908023,603.97,0.15066756
1474908063,604.96,0.2
1474908088,604.95,0.23996275
1474908091,604.22,0.99
1474908093,604.21,0.25
1474908095,603.97,0.018
1474908130,604.95,0.49367373
1474908137,604.31,2.25592
1474908205,604.95,0.26636352
1474908210,604.95,0.04919333
1474908212,604.95,0.00282762
1474908212,604.95,0.82517238
1474908214,604.52,1.0
1474908219,604.52,0.08
1474908221,604.53,0.049
1474908223,604.53,0.04
1474908259,604.56,13.28891783
1474908268,604.95,0.04836208
1474908285,604.95,0.03556082
1474908290,604.95,0.04351094
1474908290,604.95,0.04042849
1474908292,604.31,0.384
1474908294,604.32,0.449
1474908297,604.33,0.459
1474908299,604.33,0.22
1474908301,604.33,0.48
1474908423,604.34,0.16630439
1474908461,604.95,0.01996
1474908521,604.33,0.083
1474908680,604.95,0.06595586
1474908749,604.33,1.47298667
1474908749,604.95,0.07737206
1474908784,604.95,0.07971693
1474908827,604.94,0.06985
1474908844,604.95,0.5
1474908920,604.95,0.11974
1474908935,604.06,0.07
1474908935,604.95,0.13725515
1474908935,604.96,0.33779635
1474908950,604.06,0.082
1474908999,604.96,0.0858071
1474908999,604.96,0.1941929
1474909121,604.96,0.11230495
1474909299,604.95,0.1
1474909299,604.96,0.09956
1474909323,604.96,0.66839335
1474909323,604.96,1.13156
1474909324,604.99,0.32829547
1474909325,604.99,0.01996
1474909330,604.94,0.01
1474909332,604.92,0.176
1474909335,604.92,0.167
1474909337,604.92,0.549
1474909339,604.91,0.1
1474909340,604.9,0.1
1474909340,604.6,0.058
1474909340,604.58,0.265
1474909343,604.04,0.01
1474909385,604.95,0.00998
1474909589,604.95,0.99002
1474909590,604.98,0.08187047
1474909598,604.73,10.0
1474909619,604.98,0.02994
1474909672,604.98,0.16373164
1474909691,604.4,8.0
1474909701,604.4,1.38485134
1474909719,604.39,1.07397127
1474909720,604.39,17.92602873
1474909740,604.39,0.171
1474909740,604.39,0.172
1474909740,604.39,0.172
1474909741,604.39,0.171
1474909741,604.39,4.314
1474909775,604.28,0.04410208
1474909806,604.9,1.07443344
1474909806,604.96,1.0
1474909806,604.97,1.65297453
1474909806,604.98,0.53594797
1474909825,604.95,2.9376641
1474909855,604.94,0.02
1474909857,604.95,0.02
1474909859,604.95,0.02
1474909901,604.05,1.07571401
1474909902,604.03,5.7
1474909902,603.88,3.0
1474909902,603.8,1.65491895
1474909902,603.77,16.932
1474909902,603.76,9.99
1474909902,603.75,10.0
1474909902,603.71,12.15
1474909903,603.66,3.78517411
1474909903,603.55,10.0
1474909903,603.4,4.4
1474909903,603.06,3.22618511
1474909905,603.0,4.56
1474909905,603.0,8.270491
1474909923,604.9,0.07657952
1474909925,603.96,0.07657
1474909927,603.0,0.07657
1474909929,603.0,0.07657
1474909944,603.0,4.06446
1474909944,602.95,10.0
1474909944,602.78,20.0
1474909944,602.74,4.0
1474909945,602.65,0.05
1474909945,602.6,10.0
1474909945,602.55,2.0
1474909945,602.49,4.9
1474909945,602.48,4.08048
1474909945,602.15,4.392633
1474909946,602.0,4.54728939
1474909949,602.0,1.95157839
1474909950,602.0,0.7781
1474909950,602.0,9.0
1474909951,602.0,2.0
1474909951,602.0,1.385
1474909952,602.0,0.01648005
1474909953,602.0,9.18
1474909956,602.0,0.01648005
1474909956,602.0,7.63749912
1474909964,604.0,0.3
1474909980,603.95,0.352288
1474910143,603.92,0.16145562
1474910262,603.6,0.0606
1474910313,603.6,0.1655527
1474910313,603.6,0.16
1474910342,602.74,0.04403344
1474910380,602.74,0.08677917
1474910406,602.74,0.33747025
1474910425,603.61,0.0654
1474910453,603.74,0.04
1474910477,603.75,0.66093582
1474910546,603.89,0.04036992
1474910557,602.74,0.173
1474910557,602.74,0.96
1474910559,602.73,0.966
1474910559,602.18,0.76440612
1474910559,602.16,3.60619
1474910560,602.16,1.06
1474910560,602.16,0.41
1474910560,601.93,0.25311913
1474910561,601.86,4.456719
1474910561,601.8,0.3315
1474910561,601.57,4.0
1474910562,601.53,0.05
1474910562,601.3,14.96906575
1474910568,602.72,0.4206
1474910569,602.72,1.09053164
1474910586,603.69,0.33997
1474910591,603.45,0.42046836
1474910591,603.45,0.0401011
1474910608,603.65,0.45011281
1474910622,603.45,0.08312075
1474910627,603.59,0.5
1474910662,603.54,0.04001
1474910695,603.68,0.11999
1474910728,603.62,0.01001
1474910763,603.55,0.1037
1474910766,604.02,0.03311148
1474910873,603.78,0.03998
1474910921,603.66,0.3
1474910966,602.79,0.054
1474911102,602.86,0.017294
1474911182,603.1,0.086406
1474911183,603.1,0.013594
1474911195,604.04,0.0150772
1474911206,603.11,0.086406
1474911206,603.11,0.093594
1474911222,603.11,0.16316473
1474911265,603.87,0.1210344
1474911281,603.11,0.173
1474911281,603.11,0.04071233
1474911318,603.11,0.08473114
1474911342,603.68,0.02
1474911395,603.13,0.67299514
1474911423,603.64,0.385317
1474911474,603.63,0.28767814
1474911474,603.63,1.0
1474911475,603.78,0.86232186
1474911507,603.72,0.2525
1474911606,604.06,0.075229
1474911659,603.71,0.172
1474911659,603.71,0.173
1474911810,603.69,0.173
1474911810,603.69,0.171
1474911934,603.69,0.17343084
1474911936,603.8,1.16159324
1474911949,603.8,0.17996
1474911985,603.32,1.0
1474911985,603.32,1.0
1474911987,603.16,0.2
1474911987,602.9,1.4
1474911988,601.99,1.07825295
1474911988,601.97,1.0
1474911988,601.86,4.3384
1474911988,601.84,3.71797
1474911989,601.66,1.0
1474911989,601.53,1.6564099
1474911990,601.5,21.0
1474911990,601.49,3.82099685
1474911990,601.3,0.05
1474911991,601.29,0.01995709
1474911991,601.19,4.6668
1474911991,601.14,0.34
1474911992,600.93,4.8414
1474911992,600.68,16.932
1474911992,600.67,20.0
1474911993,600.66,21.0
1474911993,600.66,1.0
1474911993,600.63,4.7108
1474911994,600.59,21.0
1474911994,600.59,0.1
1474911994,600.55,0.0407
1474911995,600.51,2.08631321
1474911996,600.89,1.08536356
1474911996,600.51,6.03795014
1474911997,600.56,1.0
1474911998,600.58,1.0
1474912009,603.17,1.07740759
1474912009,603.22,3.84559241
1474912024,603.14,0.04896044
1474912047,603.08,0.02002
1474912065,601.37,0.3685139
1474912083,602.97,0.28029
1474912096,602.94,1.30830718
1474912131,603.0,0.0621393
1474912286,603.0,0.0378607
1474912332,603.76,0.0864504
1474912400,604.14,0.11699842
1474912402,604.14,0.38300158
1474912403,604.13,0.171
1474912405,604.13,16.761
1474912405,604.14,0.2326
1474912409,604.1,1.0
1474912410,604.1,0.173
1474912410,604.1,0.173
1474912410,604.1,0.172
1474912410,604.09,1.0
1474912413,604.1,0.03994
1474912416,604.09,0.11721
1474912504,603.93,0.03997
1474912509,603.93,0.128516
1474912717,603.75,0.00999
1474912756,603.72,8.1625
1474912756,603.71,0.71037769
1474912758,603.71,3.1e-07
1474912829,603.75,0.02549683
1474912915,603.75,1.0
1474912990,603.75,0.0505
1474912992,603.75,0.18091077
1474912993,603.75,0.46405323
1474913026,603.75,0.07599172
1474913043,603.75,0.15
1474913181,603.75,0.07055901
1474913203,603.75,0.69238604
1474913204,604.04,1.14593404
1474913283,604.25,0.27
1474913315,604.29,8.1805
1474913318,604.28,0.6794
1474913407,604.3,0.01343979
1474913454,604.3,0.97643229
1474913512,604.29,0.172
1474913512,604.29,0.174
1474913512,604.29,0.173
1474913512,604.29,0.172
1474913512,604.29,8.158
1474913532,604.3,0.09878536
1474913683,604.3,0.13978
1474913724,604.3,1.77156256
1474913725,604.3,0.61969306
1474913801,604.3,0.01980804
1474913804,604.3,0.0414989
1474913807,604.5,0.09985
1474913854,604.5,0.15015
1474913854,604.58,0.1603008
1474913885,604.31,0.172
1474913885,604.31,0.172
1474913885,604.3,0.03119226
1474913885,604.3,0.12480774
1474913890,604.3,0.04919226
1474913891,604.22,0.02
1474913894,604.17,3.63681
1474913897,604.33,0.101
1474913987,604.21,0.33018321
1474914005,603.39,0.34
1474914085,603.6,0.27172908
1474914085,603.58,0.27320092
1474914113,604.3,0.0202207
1474914125,604.32,1.0
1474914268,603.53,0.174
1474914268,603.53,0.76907407
1474914300,604.29,0.057
1474914364,603.4,0.174
1474914364,603.4,0.172
1474914364,603.4,0.173
1474914364,603.38,0.33078777
1474914375,603.34,0.03
1474914513,603.24,0.3
1474914513,603.18,0.21369106
1474914608,604.2,0.05779543
1474914609,604.2,0.50654344
1474914620,603.3,0.0489
1474914661,604.29,0.2121
1474914791,603.51,0.04950773
1474914845,603.61,0.01700114
1474915024,604.34,0.33476189
1474915063,604.37,0.2323
1474915182,603.76,0.02599079
1474915188,604.06,0.11987
1474915196,604.06,0.07676
1474915263,603.8,0.06605486
1474915305,604.24,0.5779
1474915307,604.24,0.08
1474915381,604.31,3.31145939
1474915527,604.27,0.0999
1474915572,604.12,0.167
1474915591,604.12,0.0242277
1474915634,604.07,0.025
1474915652,604.06,4.0
1474915700,604.21,0.04884063
1474915706,604.1,0.04908127
1474915712,604.1,0.04908127
1474915720,604.1,0.6249
1474915731,603.9,0.047
1474915794,604.21,0.09095644
1474915817,603.91,0.14
1474915825,604.21,0.1931
1474915833,603.93,0.12110685
1474915858,604.21,3.893e-05
1474915858,604.37,0.13
1474915858,604.38,0.23521245
1474915862,604.38,0.05777822
1474915893,604.14,0.02700001
1474915893,604.14,0.6246
1474915905,604.14,0.19977
1474915950,604.14,0.025
1474915952,604.14,0.285
1474915952,604.14,0.025
1474915954,604.14,0.103
1474915954,604.14,0.207
1474915956,604.14,0.285
1474915958,604.14,0.285
1474915960,604.14,0.285
1474915963,604.14,0.938
1474915963,604.14,0.062
1474915965,604.14,0.111
1474915965,604.14,0.174
1474915965,604.14,0.173
1474915965,603.93,0.21830271
1474915966,603.93,0.32369729
1474915967,603.88,0.699
1474915968,604.37,0.6246
1474915969,603.0,0.00261068
1474915969,602.97,0.31717307
1474915970,602.45,0.68021625
1474915971,603.36,0.6246
1474915971,602.45,0.31978375
1474915972,602.44,0.05561625
1474916043,603.86,0.01737128
1474916057,603.82,0.02224172
1474916063,603.78,0.02224283
1474916070,603.74,0.0222443
1474916073,603.73,0.01616195
1474916076,603.73,0.02224504
1474916082,603.69,0.02224614
1474916082,602.27,0.02758
1474916083,602.27,0.024
1474916088,603.68,0.02224651
1474916121,603.57,0.4582
1474916164,603.56,0.0232
1474916189,603.51,0.1672
1474916208,603.56,0.43610294
1474916238,603.44,0.1274
1474916260,603.39,0.80890887
1474916260,603.41,0.09115482
1474916260,603.41,2.99993631
1474916370,604.1,0.00830988
1474916384,604.11,0.00830974
1474916461,604.11,0.16457907
1474916468,604.11,1.14818518
1474916522,604.33,0.00830672
1474916544,604.39,0.18240014
1474916723,603.95,1.0717014
1474916724,603.93,2.99993631
1474916724,603.93,3.0
1474917224,603.88,0.16487016
1474917237,603.7,0.01
1474917239,603.49,0.04
1474917239,603.48,0.83304706
1474917240,603.46,0.04830225
1474917326,603.46,0.01669775
1474917336,603.45,0.6249
1474917404,603.4,0.0256
1474917429,603.4,0.625
1474917461,603.36,0.1675
1474917498,603.36,0.1676
1474917542,603.36,0.625
1474917554,603.36,0.1241805
1474917566,603.36,0.625
1474917622,603.33,0.0152195
1474917622,603.33,0.6097805
1474917653,603.44,0.625
1474917692,603.88,0.1676
1474917717,603.88,0.11
1474917743,603.85,0.228
1474917807,603.88,0.505
1474917892,603.88,0.05543701
1474917900,603.88,0.01033578
1474917900,603.9,0.50708212
1474917935,603.86,0.173
1474917935,603.86,0.173
1474917936,603.86,0.175
1474917937,603.82,0.1661
1474917937,603.37,0.6097805
1474917938,602.96,3.0
1474917938,602.96,3.63839
1474917938,602.46,1.51790212
1474917939,602.42,0.6097805
1474917939,602.42,3.0
1474917939,602.42,0.014
1474917939,602.24,1.53814063
1474917940,602.18,1.07765593
1474917940,602.18,2.03792763
1474917940,602.18,0.35
1474917940,602.16,0.16482499
1474917941,602.16,9.0
1474917941,602.16,12.7544977
1474917950,603.83,0.34
1474917956,603.82,0.1674
1474918017,603.64,0.11
1474918028,603.39,4.783
1474918043,603.37,0.3834
1474918075,602.88,0.6255
1474918101,602.88,0.4028
1474918130,602.88,0.04816192
1474918130,602.9,0.40183808
1474918148,602.9,4.381
1474918156,602.9,0.00084209
1474918159,603.31,0.10915791
1474918176,602.17,0.05
1474918188,602.85,0.0728
1474918243,602.85,0.3225
1474918250,602.19,0.033
1474918270,602.85,2.495
1474918301,602.21,0.78
1474918303,602.17,1.41165416
1474918303,602.15,3.90291237
1474918304,601.9,0.93323347
1474918390,602.85,0.00054209
1474918390,602.93,1.07806876
1474918391,602.95,2.99938915
1474918465,602.95,0.00061085
1474918467,603.45,0.37779434
1474918479,603.41,0.1727
1474918485,603.39,0.4848
1474918510,603.65,0.1909
1474918520,603.61,0.60444319
1474918529,603.55,0.36267192
1474918535,603.54,0.0876
1474918536,603.54,0.27808072
1474918542,603.51,0.26599026
1474918548,603.51,0.25391241
1474918555,603.49,0.24182135
1474918566,603.45,0.05620858
1474918575,603.74,0.24172121
1474918578,603.51,0.04219142
1474918578,601.87,1.08105065
1474918579,601.85,4.66
1474918579,601.52,2.65189212
1474918581,603.52,0.18129692
1474918587,603.5,0.181363
1474918591,603.49,0.09
1474918593,603.49,0.16928055
1474918600,603.45,0.13300835
1474918606,603.44,0.12696883
1474918608,603.44,0.26084517
1474918612,603.42,0.1209247
1474918618,603.41,0.1027894
1474918622,603.41,0.2204
1474918624,603.38,0.03627861
1474918630,603.38,0.01209367
1474918636,603.36,0.60468362
1474918665,603.46,0.2931
1474918702,603.5,0.09
1474918733,603.38,3.0
1474918733,603.39,5.037
1474918739,603.37,0.0232
1474918783,603.49,0.09
1474918862,603.83,0.3218
1474918891,603.83,4.411
1474918892,604.01,3.0
1474918892,604.0,2.589
1474918925,604.01,2.13
1474918930,604.02,2.13
1474918931,604.02,3.0
1474919025,604.01,0.1678
1474919051,604.04,0.1677
1474919087,604.04,0.25
1474919112,604.04,0.3723
1474919360,604.0,0.03566
1474919373,604.0,0.65318209
1474919409,604.0,0.1
1474919442,604.0,0.02813386
1474919450,604.04,0.08473699
1474919465,604.0,0.02225018
1474919469,604.04,0.37980928
1474919471,604.0,0.33799384
1474919478,604.02,0.72505436
1474919553,604.06,0.05670593
1474919654,604.04,0.08365
1474919656,604.25,1.6887478
1474919656,604.45,1.42564435
1474919683,604.4,0.194634
1474919686,604.39,1.26
1474919743,604.41,0.102909
1474919754,604.46,0.32714953
1474919783,604.41,0.313117
1474919869,604.4,0.0403255
1474919870,604.4,0.175
1474919874,604.44,0.19799916
1474919934,604.46,0.32808
1474919953,604.46,0.323054
1474919985,604.09,0.2613642
1474919994,604.07,0.173
1474919994,604.07,0.173
1474919994,604.07,3.0
1474920012,604.44,0.205918
1474920043,604.44,4.88
1474920043,604.44,2.794082
1474920043,604.44,15.195918
1474920068,604.5,0.04519649
1474920068,604.69,1.95480351
1474920081,604.69,1.2
1474920088,604.69,1.06377927
1474920088,604.94,1.0
1474920088,604.94,4.1224
1474920088,604.96,1.0
1474920089,604.98,0.30032039
1474920089,604.99,33.26650034
1474920090,604.99,0.3003
1474920092,604.98,1.0
1474920093,604.38,0.1678
1474920093,604.38,0.09576231
1474920093,604.98,2.95649059
1474920093,604.99,2.16590941
1474920095,604.97,2.2638
1474920096,604.96,1.0744512
1474920096,604.96,0.09576231
1474920096,604.96,3.0
1474920096,604.99,5.02033426
1474920097,605.0,0.09123656
1474920097,605.0,0.158
1474920097,605.0,0.158
1474920097,605.0,0.158
1474920097,605.1,4.6365
1474920097,605.11,1.0
1474920097,605.2,4.0
1474920098,605.29,4.3057
1474920098,605.41,0.1
1474920098,605.49,0.88067478
1474920098,605.62,4.26
1474920098,605.92,4.519034
1474920098,605.97,0.2
1474920098,605.97,0.1
1474920099,605.99,0.014
1474920099,606.0,0.29315984
1474920099,606.18,4.5295063
1474920099,606.42,0.01993668
1474920099,606.51,2.13870407
1474920101,606.51,0.3003
1474920103,606.51,1.0
1474920105,606.51,0.76099593
1474920105,606.77,0.03918559
1474920105,606.86,4.32221848
1474920107,606.86,0.04268152
1474920111,606.99,1.0638
1474920113,606.99,20.0
1474920115,606.99,8.0
1474920118,606.99,8.4973
1474920119,606.99,0.309
1474920120,606.99,2.84021848
1474920120,606.99,3.0
1474920121,606.99,3.15978152
1474920121,606.99,0.03
1474920124,606.99,9.0
1474920125,606.99,0.3
1474920125,606.99,0.081
1474920126,606.99,1.484
1474920128,606.99,8.8
1474920128,606.99,0.124
1474920130,607.0,0.01
1474920131,607.11,0.1919
1474920132,607.01,0.03
1474920132,607.01,1.39317354
1474920133,607.0,14.60682646
1474920134,607.0,0.02
1474920137,607.0,1.0
1474920138,607.0,1.30517354
1474920138,606.99,17.77421848
1474920138,606.99,0.92060798
1474920139,606.99,0.206
1474920139,606.99,0.081
1474920141,607.0,0.183
1474920142,607.0,2.817
1474920143,606.99,20.0
1474920143,606.99,0.895
1474920146,606.99,0.484
1474920147,606.99,18.16639202
1474920147,606.99,1.83360798
1474920148,606.99,0.938
1474920150,606.99,0.101
1474920152,606.99,0.03
1474920155,606.99,0.228
1474920157,606.99,1.0
1474920157,607.0,20.0
1474920159,606.99,1.0
1474920161,606.99,0.03
1474920164,606.99,0.26
1474920166,606.99,0.012
1474920168,606.99,0.044
1474920170,606.99,0.351
1474920173,606.99,1.0
1474920175,606.99,0.303
1474920177,606.99,0.21
1474920178,606.99,0.618
1474920180,606.99,0.335
1474920181,606.99,20.0
1474920182,607.0,0.081
1474920182,607.01,0.02
1474920186,607.01,0.465
1474920188,607.01,0.50179267
1474920188,606.99,0.49820733
1474920191,606.99,0.03
1474920192,606.99,0.03
1474920194,606.99,0.846
1474920196,606.99,0.7
1474920198,606.99,0.6
1474920198,606.99,9.75518469
1474920201,606.98,0.01
1474920203,606.98,0.261
1474920204,606.98,0.0293
1474920204,606.98,0.3003
1474920205,606.98,0.3003
1474920205,606.96,0.034
1474920208,606.96,0.8909
1474920210,606.96,0.192
1474920212,606.96,0.047
1474920214,606.96,0.761
1474920215,606.69,0.133
1474920216,605.59,0.014
1474920216,605.42,0.729
1474920219,606.49,0.272
1474920221,606.49,0.09
1474920223,606.49,1.0
1474920225,606.49,1.0
1474920228,605.42,0.01
1474920230,605.42,0.246
1474920232,605.42,0.81
1474920234,606.21,0.262
1474920236,606.21,0.186
1474920239,606.21,0.058
1474920241,606.21,0.115
1474920241,606.21,0.174
1474920242,606.21,0.172
1474920242,606.13,0.177
1474920243,605.17,0.03
1474920246,606.0,0.013
1474920246,605.18,0.448
1474920248,605.16,0.461
1474920250,605.19,0.03
1474920293,606.72,4.6401
1474920294,606.72,4.306
1474920296,606.72,2.0873
1474920297,606.72,5.8081
1474920300,606.68,2.8081
1474920300,606.68,1.832
1474920301,606.67,2.8081
1474920302,606.67,1.4979
1474920304,606.67,1.5021
1474920304,606.7,0.5852
1474920309,607.1,2.0873
1474920368,607.04,0.48447712
1474920368,607.12,0.51552288
1474920371,607.12,0.48447712
1474920371,607.27,2.288e-05
1474920391,607.06,3.29028432
1474920400,607.27,0.05427712
1474920401,607.27,3.23486939
1474920456,605.31,0.079
1474920458,605.31,0.075
1474920460,605.31,0.12
1474920463,605.33,0.109
1474920465,605.33,0.03
1474920467,605.33,0.93310599
1474920467,605.18,0.06689401
1474920469,605.34,0.9631
1474920471,604.93,0.014
